%YAML 1.1
%TAG !u! tag:unity3d.com,2011:
--- !u!1 &366644560401459365
GameObject:
  m_ObjectHideFlags: 0
  m_CorrespondingSourceObject: {fileID: 0}
  m_PrefabInstance: {fileID: 0}
  m_PrefabAsset: {fileID: 0}
  serializedVersion: 6
  m_Component:
  - component: {fileID: 2710991945340083473}
  - component: {fileID: 6883777898188202656}
  - component: {fileID: 3066263037157441215}
  m_Layer: 5
  m_Name: Sprite
  m_TagString: Untagged
  m_Icon: {fileID: 0}
  m_NavMeshLayer: 0
  m_StaticEditorFlags: 0
  m_IsActive: 1
--- !u!224 &2710991945340083473
RectTransform:
  m_ObjectHideFlags: 0
  m_CorrespondingSourceObject: {fileID: 0}
  m_PrefabInstance: {fileID: 0}
  m_PrefabAsset: {fileID: 0}
  m_GameObject: {fileID: 366644560401459365}
  m_LocalRotation: {x: 0, y: 0, z: 0, w: 1}
  m_LocalPosition: {x: 0, y: 0, z: 0}
  m_LocalScale: {x: 1, y: 1, z: 1}
  m_Children: []
  m_Father: {fileID: 7187060579259482230}
  m_RootOrder: 0
  m_LocalEulerAnglesHint: {x: 0, y: 0, z: 0}
  m_AnchorMin: {x: 0.5, y: 0.5}
  m_AnchorMax: {x: 0.5, y: 0.5}
  m_AnchoredPosition: {x: 0, y: 0}
  m_SizeDelta: {x: 32, y: 32}
  m_Pivot: {x: 0.5, y: 0.5}
--- !u!222 &6883777898188202656
CanvasRenderer:
  m_ObjectHideFlags: 0
  m_CorrespondingSourceObject: {fileID: 0}
  m_PrefabInstance: {fileID: 0}
  m_PrefabAsset: {fileID: 0}
  m_GameObject: {fileID: 366644560401459365}
  m_CullTransparentMesh: 0
--- !u!114 &3066263037157441215
MonoBehaviour:
  m_ObjectHideFlags: 0
  m_CorrespondingSourceObject: {fileID: 0}
  m_PrefabInstance: {fileID: 0}
  m_PrefabAsset: {fileID: 0}
  m_GameObject: {fileID: 366644560401459365}
  m_Enabled: 1
  m_EditorHideFlags: 0
  m_Script: {fileID: 11500000, guid: fe87c0e1cc204ed48ad3b37840f39efc, type: 3}
  m_Name: 
  m_EditorClassIdentifier: 
  m_Material: {fileID: 0}
  m_Color: {r: 1, g: 1, b: 1, a: 1}
  m_RaycastTarget: 1
  m_Maskable: 1
  m_OnCullStateChanged:
    m_PersistentCalls:
      m_Calls: []
  m_Sprite: {fileID: 21300000, guid: b0e66e66a8e198b488708f330b769286, type: 3}
  m_Type: 0
  m_PreserveAspect: 0
  m_FillCenter: 1
  m_FillMethod: 4
  m_FillAmount: 1
  m_FillClockwise: 1
  m_FillOrigin: 0
  m_UseSpriteMesh: 0
  m_PixelsPerUnitMultiplier: 1
--- !u!1 &406253704521231673
GameObject:
  m_ObjectHideFlags: 0
  m_CorrespondingSourceObject: {fileID: 0}
  m_PrefabInstance: {fileID: 0}
  m_PrefabAsset: {fileID: 0}
  serializedVersion: 6
  m_Component:
  - component: {fileID: 840021243967502151}
  - component: {fileID: 2206526857844940745}
  - component: {fileID: 3439309808877084745}
  - component: {fileID: 729684562422551582}
  - component: {fileID: 7673776397656323058}
  m_Layer: 5
  m_Name: Viewport
  m_TagString: Untagged
  m_Icon: {fileID: 0}
  m_NavMeshLayer: 0
  m_StaticEditorFlags: 0
  m_IsActive: 1
--- !u!224 &840021243967502151
RectTransform:
  m_ObjectHideFlags: 0
  m_CorrespondingSourceObject: {fileID: 0}
  m_PrefabInstance: {fileID: 0}
  m_PrefabAsset: {fileID: 0}
  m_GameObject: {fileID: 406253704521231673}
  m_LocalRotation: {x: -0, y: -0, z: -0, w: 1}
  m_LocalPosition: {x: 0, y: 0, z: 0}
  m_LocalScale: {x: 1, y: 1, z: 1}
  m_Children:
  - {fileID: 3692970529494226400}
  m_Father: {fileID: 237558159192650231}
  m_RootOrder: 0
  m_LocalEulerAnglesHint: {x: 0, y: 0, z: 0}
  m_AnchorMin: {x: 0, y: 0}
  m_AnchorMax: {x: 0, y: 0}
  m_AnchoredPosition: {x: 0, y: 0}
  m_SizeDelta: {x: 0, y: 0}
  m_Pivot: {x: 0, y: 1}
--- !u!222 &2206526857844940745
CanvasRenderer:
  m_ObjectHideFlags: 0
  m_CorrespondingSourceObject: {fileID: 0}
  m_PrefabInstance: {fileID: 0}
  m_PrefabAsset: {fileID: 0}
  m_GameObject: {fileID: 406253704521231673}
  m_CullTransparentMesh: 0
--- !u!114 &3439309808877084745
MonoBehaviour:
  m_ObjectHideFlags: 0
  m_CorrespondingSourceObject: {fileID: 0}
  m_PrefabInstance: {fileID: 0}
  m_PrefabAsset: {fileID: 0}
  m_GameObject: {fileID: 406253704521231673}
  m_Enabled: 1
  m_EditorHideFlags: 0
  m_Script: {fileID: 11500000, guid: fe87c0e1cc204ed48ad3b37840f39efc, type: 3}
  m_Name: 
  m_EditorClassIdentifier: 
  m_Material: {fileID: 0}
  m_Color: {r: 1, g: 1, b: 1, a: 1}
  m_RaycastTarget: 1
  m_Maskable: 1
  m_OnCullStateChanged:
    m_PersistentCalls:
      m_Calls: []
  m_Sprite: {fileID: 10917, guid: 0000000000000000f000000000000000, type: 0}
  m_Type: 1
  m_PreserveAspect: 0
  m_FillCenter: 1
  m_FillMethod: 4
  m_FillAmount: 1
  m_FillClockwise: 1
  m_FillOrigin: 0
  m_UseSpriteMesh: 0
  m_PixelsPerUnitMultiplier: 1
--- !u!114 &729684562422551582
MonoBehaviour:
  m_ObjectHideFlags: 0
  m_CorrespondingSourceObject: {fileID: 0}
  m_PrefabInstance: {fileID: 0}
  m_PrefabAsset: {fileID: 0}
  m_GameObject: {fileID: 406253704521231673}
  m_Enabled: 1
  m_EditorHideFlags: 0
  m_Script: {fileID: 11500000, guid: 31a19414c41e5ae4aae2af33fee712f6, type: 3}
  m_Name: 
  m_EditorClassIdentifier: 
  m_ShowMaskGraphic: 0
--- !u!114 &7673776397656323058
MonoBehaviour:
  m_ObjectHideFlags: 0
  m_CorrespondingSourceObject: {fileID: 0}
  m_PrefabInstance: {fileID: 0}
  m_PrefabAsset: {fileID: 0}
  m_GameObject: {fileID: 406253704521231673}
  m_Enabled: 1
  m_EditorHideFlags: 0
  m_Script: {fileID: 11500000, guid: 3312d7739989d2b4e91e6319e9a96d76, type: 3}
  m_Name: 
  m_EditorClassIdentifier: 
--- !u!1 &1017730074264279626
GameObject:
  m_ObjectHideFlags: 0
  m_CorrespondingSourceObject: {fileID: 0}
  m_PrefabInstance: {fileID: 0}
  m_PrefabAsset: {fileID: 0}
  serializedVersion: 6
  m_Component:
  - component: {fileID: 237558159192650231}
  - component: {fileID: 313388495945755804}
  - component: {fileID: 2384771336507841260}
  m_Layer: 5
  m_Name: Scroll View - Cards
  m_TagString: Untagged
  m_Icon: {fileID: 0}
  m_NavMeshLayer: 0
  m_StaticEditorFlags: 0
  m_IsActive: 1
--- !u!224 &237558159192650231
RectTransform:
  m_ObjectHideFlags: 0
  m_CorrespondingSourceObject: {fileID: 0}
  m_PrefabInstance: {fileID: 0}
  m_PrefabAsset: {fileID: 0}
  m_GameObject: {fileID: 1017730074264279626}
  m_LocalRotation: {x: 0, y: 0, z: 0, w: 1}
  m_LocalPosition: {x: 0, y: 0, z: 0}
  m_LocalScale: {x: 1, y: 1, z: 1}
  m_Children:
  - {fileID: 840021243967502151}
  - {fileID: 7531347273500028298}
  m_Father: {fileID: 1772375642887798789}
  m_RootOrder: 7
  m_LocalEulerAnglesHint: {x: 0, y: 0, z: 0}
  m_AnchorMin: {x: 0, y: 0}
  m_AnchorMax: {x: 1, y: 0}
  m_AnchoredPosition: {x: 0, y: 60}
  m_SizeDelta: {x: 0, y: 570}
  m_Pivot: {x: 0.5, y: 0}
--- !u!222 &313388495945755804
CanvasRenderer:
  m_ObjectHideFlags: 0
  m_CorrespondingSourceObject: {fileID: 0}
  m_PrefabInstance: {fileID: 0}
  m_PrefabAsset: {fileID: 0}
  m_GameObject: {fileID: 1017730074264279626}
  m_CullTransparentMesh: 0
--- !u!114 &2384771336507841260
MonoBehaviour:
  m_ObjectHideFlags: 0
  m_CorrespondingSourceObject: {fileID: 0}
  m_PrefabInstance: {fileID: 0}
  m_PrefabAsset: {fileID: 0}
  m_GameObject: {fileID: 1017730074264279626}
  m_Enabled: 1
  m_EditorHideFlags: 0
  m_Script: {fileID: 11500000, guid: 1aa08ab6e0800fa44ae55d278d1423e3, type: 3}
  m_Name: 
  m_EditorClassIdentifier: 
  m_Content: {fileID: 3692970529494226400}
  m_Horizontal: 1
  m_Vertical: 0
  m_MovementType: 2
  m_Elasticity: 0.1
  m_Inertia: 1
  m_DecelerationRate: 0.135
  m_ScrollSensitivity: 50
  m_Viewport: {fileID: 840021243967502151}
  m_HorizontalScrollbar: {fileID: 5959407680941074968}
  m_VerticalScrollbar: {fileID: 0}
  m_HorizontalScrollbarVisibility: 2
  m_VerticalScrollbarVisibility: 2
  m_HorizontalScrollbarSpacing: -3
  m_VerticalScrollbarSpacing: -3
  m_OnValueChanged:
    m_PersistentCalls:
      m_Calls: []
--- !u!1 &1165970433602766258
GameObject:
  m_ObjectHideFlags: 0
  m_CorrespondingSourceObject: {fileID: 0}
  m_PrefabInstance: {fileID: 0}
  m_PrefabAsset: {fileID: 0}
  serializedVersion: 6
  m_Component:
  - component: {fileID: 7531347273500028298}
  - component: {fileID: 5528529157498499632}
  - component: {fileID: 5959407680941074968}
  m_Layer: 5
  m_Name: Scrollbar Horizontal
  m_TagString: Untagged
  m_Icon: {fileID: 0}
  m_NavMeshLayer: 0
  m_StaticEditorFlags: 0
  m_IsActive: 1
--- !u!224 &7531347273500028298
RectTransform:
  m_ObjectHideFlags: 0
  m_CorrespondingSourceObject: {fileID: 0}
  m_PrefabInstance: {fileID: 0}
  m_PrefabAsset: {fileID: 0}
  m_GameObject: {fileID: 1165970433602766258}
  m_LocalRotation: {x: -0, y: -0, z: -0, w: 1}
  m_LocalPosition: {x: 0, y: 0, z: 0}
  m_LocalScale: {x: 1, y: 1, z: 1}
  m_Children:
  - {fileID: 5376070360172031513}
  m_Father: {fileID: 237558159192650231}
  m_RootOrder: 1
  m_LocalEulerAnglesHint: {x: 0, y: 0, z: 0}
  m_AnchorMin: {x: 0, y: 0}
  m_AnchorMax: {x: 1, y: 0}
  m_AnchoredPosition: {x: 90.676, y: -21.462}
  m_SizeDelta: {x: -177.56, y: 17.82}
  m_Pivot: {x: 0, y: 0}
--- !u!222 &5528529157498499632
CanvasRenderer:
  m_ObjectHideFlags: 0
  m_CorrespondingSourceObject: {fileID: 0}
  m_PrefabInstance: {fileID: 0}
  m_PrefabAsset: {fileID: 0}
  m_GameObject: {fileID: 1165970433602766258}
  m_CullTransparentMesh: 0
--- !u!114 &5959407680941074968
MonoBehaviour:
  m_ObjectHideFlags: 0
  m_CorrespondingSourceObject: {fileID: 0}
  m_PrefabInstance: {fileID: 0}
  m_PrefabAsset: {fileID: 0}
  m_GameObject: {fileID: 1165970433602766258}
  m_Enabled: 1
  m_EditorHideFlags: 0
  m_Script: {fileID: 11500000, guid: 2a4db7a114972834c8e4117be1d82ba3, type: 3}
  m_Name: 
  m_EditorClassIdentifier: 
  m_Navigation:
    m_Mode: 3
    m_SelectOnUp: {fileID: 0}
    m_SelectOnDown: {fileID: 0}
    m_SelectOnLeft: {fileID: 0}
    m_SelectOnRight: {fileID: 0}
  m_Transition: 1
  m_Colors:
    m_NormalColor: {r: 1, g: 1, b: 1, a: 1}
    m_HighlightedColor: {r: 0.9607843, g: 0.9607843, b: 0.9607843, a: 1}
    m_PressedColor: {r: 0.78431374, g: 0.78431374, b: 0.78431374, a: 1}
    m_SelectedColor: {r: 0.9607843, g: 0.9607843, b: 0.9607843, a: 1}
    m_DisabledColor: {r: 0.78431374, g: 0.78431374, b: 0.78431374, a: 0.5019608}
    m_ColorMultiplier: 1
    m_FadeDuration: 0.1
  m_SpriteState:
    m_HighlightedSprite: {fileID: 0}
    m_PressedSprite: {fileID: 0}
    m_SelectedSprite: {fileID: 0}
    m_DisabledSprite: {fileID: 0}
  m_AnimationTriggers:
    m_NormalTrigger: Normal
    m_HighlightedTrigger: Highlighted
    m_PressedTrigger: Pressed
    m_SelectedTrigger: Selected
    m_DisabledTrigger: Disabled
  m_Interactable: 1
  m_TargetGraphic: {fileID: 2696191084940247376}
  m_HandleRect: {fileID: 7187060579259482230}
  m_Direction: 0
  m_Value: 0
  m_Size: 0.66781116
  m_NumberOfSteps: 0
  m_OnValueChanged:
    m_PersistentCalls:
      m_Calls: []
--- !u!1 &1837653722551954290
GameObject:
  m_ObjectHideFlags: 0
  m_CorrespondingSourceObject: {fileID: 0}
  m_PrefabInstance: {fileID: 0}
  m_PrefabAsset: {fileID: 0}
  serializedVersion: 6
  m_Component:
  - component: {fileID: 7589237808869388559}
  - component: {fileID: 1619227995788145524}
  - component: {fileID: 5935271586693958098}
  - component: {fileID: 4039087497646106238}
  m_Layer: 5
  m_Name: Slider - HeroLife
  m_TagString: Untagged
  m_Icon: {fileID: 0}
  m_NavMeshLayer: 0
  m_StaticEditorFlags: 0
  m_IsActive: 1
--- !u!224 &7589237808869388559
RectTransform:
  m_ObjectHideFlags: 0
  m_CorrespondingSourceObject: {fileID: 0}
  m_PrefabInstance: {fileID: 0}
  m_PrefabAsset: {fileID: 0}
  m_GameObject: {fileID: 1837653722551954290}
  m_LocalRotation: {x: 0, y: 0, z: 0, w: 1}
  m_LocalPosition: {x: 0, y: 0, z: 0}
  m_LocalScale: {x: 1, y: 1, z: 1}
  m_Children:
  - {fileID: 4212672377814888806}
  - {fileID: 5572926463579403313}
  m_Father: {fileID: 1772375642887798789}
  m_RootOrder: 1
  m_LocalEulerAnglesHint: {x: 0, y: 0, z: 0}
  m_AnchorMin: {x: 1, y: 1}
  m_AnchorMax: {x: 1, y: 1}
  m_AnchoredPosition: {x: -30, y: -40}
  m_SizeDelta: {x: 450, y: 30}
  m_Pivot: {x: 1, y: 1}
--- !u!114 &1619227995788145524
MonoBehaviour:
  m_ObjectHideFlags: 0
  m_CorrespondingSourceObject: {fileID: 0}
  m_PrefabInstance: {fileID: 0}
  m_PrefabAsset: {fileID: 0}
  m_GameObject: {fileID: 1837653722551954290}
  m_Enabled: 1
  m_EditorHideFlags: 0
  m_Script: {fileID: 11500000, guid: 67db9e8f0e2ae9c40bc1e2b64352a6b4, type: 3}
  m_Name: 
  m_EditorClassIdentifier: 
  m_Navigation:
    m_Mode: 0
    m_SelectOnUp: {fileID: 0}
    m_SelectOnDown: {fileID: 0}
    m_SelectOnLeft: {fileID: 0}
    m_SelectOnRight: {fileID: 0}
  m_Transition: 0
  m_Colors:
    m_NormalColor: {r: 1, g: 1, b: 1, a: 1}
    m_HighlightedColor: {r: 0.9607843, g: 0.9607843, b: 0.9607843, a: 1}
    m_PressedColor: {r: 0.78431374, g: 0.78431374, b: 0.78431374, a: 1}
    m_SelectedColor: {r: 0.9607843, g: 0.9607843, b: 0.9607843, a: 1}
    m_DisabledColor: {r: 0.78431374, g: 0.78431374, b: 0.78431374, a: 0.5019608}
    m_ColorMultiplier: 1
    m_FadeDuration: 0.1
  m_SpriteState:
    m_HighlightedSprite: {fileID: 0}
    m_PressedSprite: {fileID: 0}
    m_SelectedSprite: {fileID: 0}
    m_DisabledSprite: {fileID: 0}
  m_AnimationTriggers:
    m_NormalTrigger: Normal
    m_HighlightedTrigger: Highlighted
    m_PressedTrigger: Pressed
    m_SelectedTrigger: Selected
    m_DisabledTrigger: Disabled
  m_Interactable: 0
  m_TargetGraphic: {fileID: 0}
  m_FillRect: {fileID: 6147494501385637040}
  m_HandleRect: {fileID: 0}
  m_Direction: 0
  m_MinValue: 0
  m_MaxValue: 1
  m_WholeNumbers: 0
  m_Value: 0.663
  m_OnValueChanged:
    m_PersistentCalls:
      m_Calls: []
--- !u!114 &5935271586693958098
MonoBehaviour:
  m_ObjectHideFlags: 0
  m_CorrespondingSourceObject: {fileID: 0}
  m_PrefabInstance: {fileID: 0}
  m_PrefabAsset: {fileID: 0}
  m_GameObject: {fileID: 1837653722551954290}
  m_Enabled: 1
  m_EditorHideFlags: 0
  m_Script: {fileID: 11500000, guid: 728327021d8ea1441af72ba17cf0ab9b, type: 3}
  m_Name: 
  m_EditorClassIdentifier: 
--- !u!114 &4039087497646106238
MonoBehaviour:
  m_ObjectHideFlags: 0
  m_CorrespondingSourceObject: {fileID: 0}
  m_PrefabInstance: {fileID: 0}
  m_PrefabAsset: {fileID: 0}
  m_GameObject: {fileID: 1837653722551954290}
  m_Enabled: 1
  m_EditorHideFlags: 0
  m_Script: {fileID: 11500000, guid: 4a6ed08479bfd3a459af9e14a24313a6, type: 3}
  m_Name: 
  m_EditorClassIdentifier: 
--- !u!1 &3648158883668899403
GameObject:
  m_ObjectHideFlags: 0
  m_CorrespondingSourceObject: {fileID: 0}
  m_PrefabInstance: {fileID: 0}
  m_PrefabAsset: {fileID: 0}
  serializedVersion: 6
  m_Component:
  - component: {fileID: 3074510449322288827}
  - component: {fileID: 51796218389033801}
  - component: {fileID: 2155350954535070758}
  - component: {fileID: 7738366349997177678}
  m_Layer: 5
  m_Name: Viewport - Sentinels
  m_TagString: Untagged
  m_Icon: {fileID: 0}
  m_NavMeshLayer: 0
  m_StaticEditorFlags: 0
  m_IsActive: 1
--- !u!224 &3074510449322288827
RectTransform:
  m_ObjectHideFlags: 0
  m_CorrespondingSourceObject: {fileID: 0}
  m_PrefabInstance: {fileID: 0}
  m_PrefabAsset: {fileID: 0}
  m_GameObject: {fileID: 3648158883668899403}
  m_LocalRotation: {x: 0, y: 0, z: 0, w: 1}
  m_LocalPosition: {x: 0, y: 0, z: 0}
  m_LocalScale: {x: 1, y: 1, z: 1}
  m_Children:
  - {fileID: 5163979289314062174}
  m_Father: {fileID: 1772375642887798789}
  m_RootOrder: 4
  m_LocalEulerAnglesHint: {x: 0, y: 0, z: 0}
  m_AnchorMin: {x: 1, y: 1}
  m_AnchorMax: {x: 1, y: 1}
  m_AnchoredPosition: {x: -64.1, y: -203}
  m_SizeDelta: {x: 384.89587, y: 135}
  m_Pivot: {x: 1, y: 1}
--- !u!222 &51796218389033801
CanvasRenderer:
  m_ObjectHideFlags: 0
  m_CorrespondingSourceObject: {fileID: 0}
  m_PrefabInstance: {fileID: 0}
  m_PrefabAsset: {fileID: 0}
  m_GameObject: {fileID: 3648158883668899403}
  m_CullTransparentMesh: 0
--- !u!114 &2155350954535070758
MonoBehaviour:
  m_ObjectHideFlags: 0
  m_CorrespondingSourceObject: {fileID: 0}
  m_PrefabInstance: {fileID: 0}
  m_PrefabAsset: {fileID: 0}
  m_GameObject: {fileID: 3648158883668899403}
  m_Enabled: 1
  m_EditorHideFlags: 0
  m_Script: {fileID: 11500000, guid: fe87c0e1cc204ed48ad3b37840f39efc, type: 3}
  m_Name: 
  m_EditorClassIdentifier: 
  m_Material: {fileID: 0}
  m_Color: {r: 1, g: 1, b: 1, a: 1}
  m_RaycastTarget: 1
  m_Maskable: 1
  m_OnCullStateChanged:
    m_PersistentCalls:
      m_Calls: []
  m_Sprite: {fileID: 10917, guid: 0000000000000000f000000000000000, type: 0}
  m_Type: 1
  m_PreserveAspect: 0
  m_FillCenter: 1
  m_FillMethod: 4
  m_FillAmount: 1
  m_FillClockwise: 1
  m_FillOrigin: 0
  m_UseSpriteMesh: 0
  m_PixelsPerUnitMultiplier: 1
--- !u!114 &7738366349997177678
MonoBehaviour:
  m_ObjectHideFlags: 0
  m_CorrespondingSourceObject: {fileID: 0}
  m_PrefabInstance: {fileID: 0}
  m_PrefabAsset: {fileID: 0}
  m_GameObject: {fileID: 3648158883668899403}
  m_Enabled: 1
  m_EditorHideFlags: 0
  m_Script: {fileID: 11500000, guid: 31a19414c41e5ae4aae2af33fee712f6, type: 3}
  m_Name: 
  m_EditorClassIdentifier: 
  m_ShowMaskGraphic: 0
--- !u!1 &4671439762693665460
GameObject:
  m_ObjectHideFlags: 0
  m_CorrespondingSourceObject: {fileID: 0}
  m_PrefabInstance: {fileID: 0}
  m_PrefabAsset: {fileID: 0}
  serializedVersion: 6
  m_Component:
  - component: {fileID: 1537463949619910479}
  - component: {fileID: 2191890183787532777}
  - component: {fileID: 7744783950197716983}
  - component: {fileID: 4360997439138267346}
  - component: {fileID: 8499827903988516675}
  m_Layer: 5
  m_Name: Text - HeroLife
  m_TagString: Untagged
  m_Icon: {fileID: 0}
  m_NavMeshLayer: 0
  m_StaticEditorFlags: 0
  m_IsActive: 1
--- !u!224 &1537463949619910479
RectTransform:
  m_ObjectHideFlags: 0
  m_CorrespondingSourceObject: {fileID: 0}
  m_PrefabInstance: {fileID: 0}
  m_PrefabAsset: {fileID: 0}
  m_GameObject: {fileID: 4671439762693665460}
  m_LocalRotation: {x: 0, y: 0, z: 0, w: 1}
  m_LocalPosition: {x: 0, y: 0, z: 0}
  m_LocalScale: {x: 1, y: 1, z: 1}
  m_Children: []
  m_Father: {fileID: 1772375642887798789}
  m_RootOrder: 2
  m_LocalEulerAnglesHint: {x: 0, y: 0, z: 0}
  m_AnchorMin: {x: 0.5, y: 1}
  m_AnchorMax: {x: 0.5, y: 1}
  m_AnchoredPosition: {x: -41.17, y: -82.63}
  m_SizeDelta: {x: 104.91, y: 26.17}
  m_Pivot: {x: 0.5, y: 1}
--- !u!222 &2191890183787532777
CanvasRenderer:
  m_ObjectHideFlags: 0
  m_CorrespondingSourceObject: {fileID: 0}
  m_PrefabInstance: {fileID: 0}
  m_PrefabAsset: {fileID: 0}
  m_GameObject: {fileID: 4671439762693665460}
  m_CullTransparentMesh: 0
--- !u!114 &7744783950197716983
MonoBehaviour:
  m_ObjectHideFlags: 0
  m_CorrespondingSourceObject: {fileID: 0}
  m_PrefabInstance: {fileID: 0}
  m_PrefabAsset: {fileID: 0}
  m_GameObject: {fileID: 4671439762693665460}
  m_Enabled: 1
  m_EditorHideFlags: 0
  m_Script: {fileID: 11500000, guid: f4688fdb7df04437aeb418b961361dc5, type: 3}
  m_Name: 
  m_EditorClassIdentifier: 
  m_Material: {fileID: 0}
  m_Color: {r: 1, g: 1, b: 1, a: 1}
  m_RaycastTarget: 1
  m_Maskable: 1
  m_OnCullStateChanged:
    m_PersistentCalls:
      m_Calls: []
  m_text: 100/100
  m_isRightToLeft: 0
  m_fontAsset: {fileID: 11400000, guid: 8f586378b4e144a9851e7b34d9b748ee, type: 2}
  m_sharedMaterial: {fileID: 2180264, guid: 8f586378b4e144a9851e7b34d9b748ee, type: 2}
  m_fontSharedMaterials: []
  m_fontMaterial: {fileID: 0}
  m_fontMaterials: []
  m_fontColor32:
    serializedVersion: 2
    rgba: 4294967295
  m_fontColor: {r: 1, g: 1, b: 1, a: 1}
  m_enableVertexGradient: 0
  m_colorMode: 3
  m_fontColorGradient:
    topLeft: {r: 1, g: 1, b: 1, a: 1}
    topRight: {r: 1, g: 1, b: 1, a: 1}
    bottomLeft: {r: 1, g: 1, b: 1, a: 1}
    bottomRight: {r: 1, g: 1, b: 1, a: 1}
  m_fontColorGradientPreset: {fileID: 0}
  m_spriteAsset: {fileID: 0}
  m_tintAllSprites: 0
  m_overrideHtmlColors: 0
  m_faceColor:
    serializedVersion: 2
    rgba: 4294967295
  m_outlineColor:
    serializedVersion: 2
    rgba: 4278190080
  m_fontSize: 23.4
  m_fontSizeBase: 36
  m_fontWeight: 400
  m_enableAutoSizing: 1
  m_fontSizeMin: 1
  m_fontSizeMax: 300
  m_fontStyle: 0
  m_textAlignment: 516
  m_characterSpacing: 0
  m_wordSpacing: 0
  m_lineSpacing: 0
  m_lineSpacingMax: 0
  m_paragraphSpacing: 0
  m_charWidthMaxAdj: 0
  m_enableWordWrapping: 1
  m_wordWrappingRatios: 0.4
  m_overflowMode: 0
  m_firstOverflowCharacterIndex: -1
  m_linkedTextComponent: {fileID: 0}
  m_isLinkedTextComponent: 0
  m_isTextTruncated: 0
  m_enableKerning: 1
  m_enableExtraPadding: 0
  checkPaddingRequired: 0
  m_isRichText: 1
  m_parseCtrlCharacters: 1
  m_isOrthographic: 1
  m_isCullingEnabled: 0
  m_ignoreRectMaskCulling: 0
  m_ignoreCulling: 1
  m_horizontalMapping: 0
  m_verticalMapping: 0
  m_uvLineOffset: 0
  m_geometrySortingOrder: 0
  m_VertexBufferAutoSizeReduction: 1
  m_firstVisibleCharacter: 0
  m_useMaxVisibleDescender: 1
  m_pageToDisplay: 1
  m_margin: {x: 0, y: 0, z: 0, w: 0}
  m_textInfo:
    textComponent: {fileID: 7744783950197716983}
    characterCount: 7
    spriteCount: 0
    spaceCount: 0
    wordCount: 2
    linkCount: 0
    lineCount: 1
    pageCount: 1
    materialCount: 1
  m_isUsingLegacyAnimationComponent: 0
  m_isVolumetricText: 0
  m_spriteAnimator: {fileID: 0}
  m_hasFontAssetChanged: 0
  m_subTextObjects:
  - {fileID: 0}
  - {fileID: 0}
  - {fileID: 0}
  - {fileID: 0}
  - {fileID: 0}
  - {fileID: 0}
  - {fileID: 0}
  - {fileID: 0}
  m_baseMaterial: {fileID: 0}
  m_maskOffset: {x: 0, y: 0, z: 0, w: 0}
--- !u!114 &4360997439138267346
MonoBehaviour:
  m_ObjectHideFlags: 0
  m_CorrespondingSourceObject: {fileID: 0}
  m_PrefabInstance: {fileID: 0}
  m_PrefabAsset: {fileID: 0}
  m_GameObject: {fileID: 4671439762693665460}
  m_Enabled: 1
  m_EditorHideFlags: 0
  m_Script: {fileID: 11500000, guid: 728327021d8ea1441af72ba17cf0ab9b, type: 3}
  m_Name: 
  m_EditorClassIdentifier: 
--- !u!114 &8499827903988516675
MonoBehaviour:
  m_ObjectHideFlags: 0
  m_CorrespondingSourceObject: {fileID: 0}
  m_PrefabInstance: {fileID: 0}
  m_PrefabAsset: {fileID: 0}
  m_GameObject: {fileID: 4671439762693665460}
  m_Enabled: 1
  m_EditorHideFlags: 0
  m_Script: {fileID: 11500000, guid: 972269657cae44e3906c2428acd8b60e, type: 3}
  m_Name: 
  m_EditorClassIdentifier: 
--- !u!1 &5163560947187288003
GameObject:
  m_ObjectHideFlags: 0
  m_CorrespondingSourceObject: {fileID: 0}
  m_PrefabInstance: {fileID: 0}
  m_PrefabAsset: {fileID: 0}
  serializedVersion: 6
  m_Component:
  - component: {fileID: 1772375642887798789}
  - component: {fileID: 6037227218497652788}
  - component: {fileID: 2040528172777027538}
  - component: {fileID: 1958115296529862276}
  m_Layer: 5
  m_Name: PREF_UI_View_Status_Panel
  m_TagString: Untagged
  m_Icon: {fileID: 0}
  m_NavMeshLayer: 0
  m_StaticEditorFlags: 0
  m_IsActive: 1
--- !u!224 &1772375642887798789
RectTransform:
  m_ObjectHideFlags: 0
  m_CorrespondingSourceObject: {fileID: 0}
  m_PrefabInstance: {fileID: 0}
  m_PrefabAsset: {fileID: 0}
  m_GameObject: {fileID: 5163560947187288003}
  m_LocalRotation: {x: 0, y: 0, z: 0, w: 1}
  m_LocalPosition: {x: 0, y: 0, z: 0}
  m_LocalScale: {x: 1, y: 1, z: 1}
  m_Children:
  - {fileID: 2953663164272898405}
  - {fileID: 7589237808869388559}
  - {fileID: 1537463949619910479}
  - {fileID: 3737561326055581121}
  - {fileID: 3074510449322288827}
  - {fileID: 4570554928793594399}
  - {fileID: 8177976809730368999}
  - {fileID: 237558159192650231}
  m_Father: {fileID: 0}
  m_RootOrder: 0
  m_LocalEulerAnglesHint: {x: 0, y: 0, z: 0}
  m_AnchorMin: {x: 0, y: 0.5}
  m_AnchorMax: {x: 0, y: 0.5}
  m_AnchoredPosition: {x: 60, y: 0}
  m_SizeDelta: {x: 778, y: 999}
  m_Pivot: {x: 0, y: 0.5}
--- !u!222 &6037227218497652788
CanvasRenderer:
  m_ObjectHideFlags: 0
  m_CorrespondingSourceObject: {fileID: 0}
  m_PrefabInstance: {fileID: 0}
  m_PrefabAsset: {fileID: 0}
  m_GameObject: {fileID: 5163560947187288003}
  m_CullTransparentMesh: 0
--- !u!114 &2040528172777027538
MonoBehaviour:
  m_ObjectHideFlags: 0
  m_CorrespondingSourceObject: {fileID: 0}
  m_PrefabInstance: {fileID: 0}
  m_PrefabAsset: {fileID: 0}
  m_GameObject: {fileID: 5163560947187288003}
  m_Enabled: 1
  m_EditorHideFlags: 0
  m_Script: {fileID: 11500000, guid: fe87c0e1cc204ed48ad3b37840f39efc, type: 3}
  m_Name: 
  m_EditorClassIdentifier: 
  m_Material: {fileID: 0}
  m_Color: {r: 1, g: 1, b: 1, a: 1}
  m_RaycastTarget: 1
  m_Maskable: 1
  m_OnCullStateChanged:
    m_PersistentCalls:
      m_Calls: []
  m_Sprite: {fileID: 21300000, guid: 15c5c9b5806865c49957641cad6317f7, type: 3}
  m_Type: 0
  m_PreserveAspect: 0
  m_FillCenter: 1
  m_FillMethod: 4
  m_FillAmount: 1
  m_FillClockwise: 1
  m_FillOrigin: 0
  m_UseSpriteMesh: 0
  m_PixelsPerUnitMultiplier: 1
--- !u!114 &1958115296529862276
MonoBehaviour:
  m_ObjectHideFlags: 0
  m_CorrespondingSourceObject: {fileID: 0}
  m_PrefabInstance: {fileID: 0}
  m_PrefabAsset: {fileID: 0}
  m_GameObject: {fileID: 5163560947187288003}
  m_Enabled: 1
  m_EditorHideFlags: 0
  m_Script: {fileID: 11500000, guid: 7857115d8aa7df24e928cd9ad6dc7498, type: 3}
  m_Name: 
  m_EditorClassIdentifier: 
  m_HideLocation: {x: -840, y: 0}
  m_ShowLocation: {x: 60, y: 0}
  m_ShowTime: 0.5
  m_HideTime: 0.35
  m_ShowButton: {fileID: 0}
  m_HideButton: {fileID: 0}
--- !u!1 &5232336647539947130
GameObject:
  m_ObjectHideFlags: 0
  m_CorrespondingSourceObject: {fileID: 0}
  m_PrefabInstance: {fileID: 0}
  m_PrefabAsset: {fileID: 0}
  serializedVersion: 6
  m_Component:
  - component: {fileID: 5572926463579403313}
  m_Layer: 5
  m_Name: Fill Area
  m_TagString: Untagged
  m_Icon: {fileID: 0}
  m_NavMeshLayer: 0
  m_StaticEditorFlags: 0
  m_IsActive: 1
--- !u!224 &5572926463579403313
RectTransform:
  m_ObjectHideFlags: 0
  m_CorrespondingSourceObject: {fileID: 0}
  m_PrefabInstance: {fileID: 0}
  m_PrefabAsset: {fileID: 0}
  m_GameObject: {fileID: 5232336647539947130}
  m_LocalRotation: {x: -0, y: -0, z: -0, w: 1}
  m_LocalPosition: {x: 0, y: 0, z: 0}
  m_LocalScale: {x: 1, y: 1, z: 1}
  m_Children:
  - {fileID: 6147494501385637040}
  m_Father: {fileID: 7589237808869388559}
  m_RootOrder: 1
  m_LocalEulerAnglesHint: {x: 0, y: 0, z: 0}
  m_AnchorMin: {x: 0, y: 0}
  m_AnchorMax: {x: 1, y: 1}
  m_AnchoredPosition: {x: 0, y: 0}
  m_SizeDelta: {x: 0, y: 0}
  m_Pivot: {x: 0.5, y: 0.5}
--- !u!1 &5332231884561931388
GameObject:
  m_ObjectHideFlags: 0
  m_CorrespondingSourceObject: {fileID: 0}
  m_PrefabInstance: {fileID: 0}
  m_PrefabAsset: {fileID: 0}
  serializedVersion: 6
  m_Component:
  - component: {fileID: 6147494501385637040}
  - component: {fileID: 4654454232877871518}
  - component: {fileID: 6452648616387353997}
  m_Layer: 5
  m_Name: Fill
  m_TagString: Untagged
  m_Icon: {fileID: 0}
  m_NavMeshLayer: 0
  m_StaticEditorFlags: 0
  m_IsActive: 1
--- !u!224 &6147494501385637040
RectTransform:
  m_ObjectHideFlags: 0
  m_CorrespondingSourceObject: {fileID: 0}
  m_PrefabInstance: {fileID: 0}
  m_PrefabAsset: {fileID: 0}
  m_GameObject: {fileID: 5332231884561931388}
  m_LocalRotation: {x: -0, y: -0, z: -0, w: 1}
  m_LocalPosition: {x: 0, y: 0, z: 0}
  m_LocalScale: {x: 1, y: 1, z: 1}
  m_Children: []
  m_Father: {fileID: 5572926463579403313}
  m_RootOrder: 0
  m_LocalEulerAnglesHint: {x: 0, y: 0, z: 0}
  m_AnchorMin: {x: 0, y: 0}
  m_AnchorMax: {x: 0, y: 0}
  m_AnchoredPosition: {x: 0, y: 0}
  m_SizeDelta: {x: 0, y: 0}
  m_Pivot: {x: 0.5, y: 0.5}
--- !u!222 &4654454232877871518
CanvasRenderer:
  m_ObjectHideFlags: 0
  m_CorrespondingSourceObject: {fileID: 0}
  m_PrefabInstance: {fileID: 0}
  m_PrefabAsset: {fileID: 0}
  m_GameObject: {fileID: 5332231884561931388}
  m_CullTransparentMesh: 0
--- !u!114 &6452648616387353997
MonoBehaviour:
  m_ObjectHideFlags: 0
  m_CorrespondingSourceObject: {fileID: 0}
  m_PrefabInstance: {fileID: 0}
  m_PrefabAsset: {fileID: 0}
  m_GameObject: {fileID: 5332231884561931388}
  m_Enabled: 1
  m_EditorHideFlags: 0
  m_Script: {fileID: 11500000, guid: fe87c0e1cc204ed48ad3b37840f39efc, type: 3}
  m_Name: 
  m_EditorClassIdentifier: 
  m_Material: {fileID: 0}
  m_Color: {r: 0.07971382, g: 1, b: 0, a: 1}
  m_RaycastTarget: 1
  m_Maskable: 1
  m_OnCullStateChanged:
    m_PersistentCalls:
      m_Calls: []
  m_Sprite: {fileID: -196962134176397555, guid: a38238f854ff718469c2db29998a2cef,
    type: 3}
  m_Type: 0
  m_PreserveAspect: 0
  m_FillCenter: 1
  m_FillMethod: 4
  m_FillAmount: 1
  m_FillClockwise: 1
  m_FillOrigin: 0
  m_UseSpriteMesh: 0
  m_PixelsPerUnitMultiplier: 1
--- !u!1 &6396929253955683574
GameObject:
  m_ObjectHideFlags: 0
  m_CorrespondingSourceObject: {fileID: 0}
  m_PrefabInstance: {fileID: 0}
  m_PrefabAsset: {fileID: 0}
  serializedVersion: 6
  m_Component:
  - component: {fileID: 5163979289314062174}
  - component: {fileID: 1556228291636725419}
  - component: {fileID: 6480979278105770604}
  - component: {fileID: 7200158508966823892}
  - component: {fileID: 145783038775142517}
  m_Layer: 5
  m_Name: Group - Sentinels
  m_TagString: Untagged
  m_Icon: {fileID: 0}
  m_NavMeshLayer: 0
  m_StaticEditorFlags: 0
  m_IsActive: 1
--- !u!224 &5163979289314062174
RectTransform:
  m_ObjectHideFlags: 0
  m_CorrespondingSourceObject: {fileID: 0}
  m_PrefabInstance: {fileID: 0}
  m_PrefabAsset: {fileID: 0}
  m_GameObject: {fileID: 6396929253955683574}
  m_LocalRotation: {x: -0, y: -0, z: -0, w: 1}
  m_LocalPosition: {x: 0, y: 0, z: 0}
  m_LocalScale: {x: 1, y: 1, z: 1}
  m_Children: []
  m_Father: {fileID: 3074510449322288827}
  m_RootOrder: 0
  m_LocalEulerAnglesHint: {x: 0, y: 0, z: 0}
  m_AnchorMin: {x: 0, y: 0.5}
  m_AnchorMax: {x: 0, y: 0.5}
  m_AnchoredPosition: {x: 0, y: 0}
  m_SizeDelta: {x: 0, y: 0}
  m_Pivot: {x: 0, y: 0.5}
--- !u!114 &1556228291636725419
MonoBehaviour:
  m_ObjectHideFlags: 0
  m_CorrespondingSourceObject: {fileID: 0}
  m_PrefabInstance: {fileID: 0}
  m_PrefabAsset: {fileID: 0}
  m_GameObject: {fileID: 6396929253955683574}
  m_Enabled: 1
  m_EditorHideFlags: 0
  m_Script: {fileID: 11500000, guid: 30649d3a9faa99c48a7b1166b86bf2a0, type: 3}
  m_Name: 
  m_EditorClassIdentifier: 
  m_Padding:
    m_Left: 4
    m_Right: 0
    m_Top: 0
    m_Bottom: 0
  m_ChildAlignment: 3
  m_Spacing: 4
  m_ChildForceExpandWidth: 1
  m_ChildForceExpandHeight: 1
  m_ChildControlWidth: 0
  m_ChildControlHeight: 0
  m_ChildScaleWidth: 0
  m_ChildScaleHeight: 0
--- !u!114 &6480979278105770604
MonoBehaviour:
  m_ObjectHideFlags: 0
  m_CorrespondingSourceObject: {fileID: 0}
  m_PrefabInstance: {fileID: 0}
  m_PrefabAsset: {fileID: 0}
  m_GameObject: {fileID: 6396929253955683574}
  m_Enabled: 1
  m_EditorHideFlags: 0
  m_Script: {fileID: 11500000, guid: 3245ec927659c4140ac4f8d17403cc18, type: 3}
  m_Name: 
  m_EditorClassIdentifier: 
  m_HorizontalFit: 2
  m_VerticalFit: 2
--- !u!114 &7200158508966823892
MonoBehaviour:
  m_ObjectHideFlags: 0
  m_CorrespondingSourceObject: {fileID: 0}
  m_PrefabInstance: {fileID: 0}
  m_PrefabAsset: {fileID: 0}
  m_GameObject: {fileID: 6396929253955683574}
  m_Enabled: 1
  m_EditorHideFlags: 0
  m_Script: {fileID: 11500000, guid: 728327021d8ea1441af72ba17cf0ab9b, type: 3}
  m_Name: 
  m_EditorClassIdentifier: 
--- !u!114 &145783038775142517
MonoBehaviour:
  m_ObjectHideFlags: 0
  m_CorrespondingSourceObject: {fileID: 0}
  m_PrefabInstance: {fileID: 0}
  m_PrefabAsset: {fileID: 0}
  m_GameObject: {fileID: 6396929253955683574}
  m_Enabled: 1
  m_EditorHideFlags: 0
  m_Script: {fileID: 11500000, guid: 259cacef448745c180e008e996c9cd80, type: 3}
  m_Name: 
  m_EditorClassIdentifier: 
  m_SentinelPrefab: {fileID: 7099006793024951961, guid: 0620ddd56a4a53e42a7eda03e9fd0ced,
    type: 3}
  m_MaxVisualization: 3
  m_Offset: 132
  m_IncreaseButton: {fileID: 802810950400091088}
  m_DecreaseButton: {fileID: 4987725213570395176}
--- !u!1 &7556008976597846742
GameObject:
  m_ObjectHideFlags: 0
  m_CorrespondingSourceObject: {fileID: 0}
  m_PrefabInstance: {fileID: 0}
  m_PrefabAsset: {fileID: 0}
  serializedVersion: 6
  m_Component:
  - component: {fileID: 3692970529494226400}
  - component: {fileID: 2281692019034266498}
  - component: {fileID: 1974254854267165702}
  - component: {fileID: 6758803084491466405}
  - component: {fileID: 7482274567215560988}
  m_Layer: 5
  m_Name: Group - Cards
  m_TagString: Untagged
  m_Icon: {fileID: 0}
  m_NavMeshLayer: 0
  m_StaticEditorFlags: 0
  m_IsActive: 1
--- !u!224 &3692970529494226400
RectTransform:
  m_ObjectHideFlags: 0
  m_CorrespondingSourceObject: {fileID: 0}
  m_PrefabInstance: {fileID: 0}
  m_PrefabAsset: {fileID: 0}
  m_GameObject: {fileID: 7556008976597846742}
  m_LocalRotation: {x: -0, y: -0, z: -0, w: 1}
  m_LocalPosition: {x: 0, y: 0, z: 0}
  m_LocalScale: {x: 1, y: 1, z: 1}
  m_Children: []
  m_Father: {fileID: 840021243967502151}
  m_RootOrder: 0
  m_LocalEulerAnglesHint: {x: 0, y: 0, z: 0}
  m_AnchorMin: {x: 0, y: 0.5}
  m_AnchorMax: {x: 0, y: 0.5}
  m_AnchoredPosition: {x: 0, y: 0}
  m_SizeDelta: {x: 0, y: 0}
  m_Pivot: {x: 0, y: 0.5}
--- !u!114 &2281692019034266498
MonoBehaviour:
  m_ObjectHideFlags: 0
  m_CorrespondingSourceObject: {fileID: 0}
  m_PrefabInstance: {fileID: 0}
  m_PrefabAsset: {fileID: 0}
  m_GameObject: {fileID: 7556008976597846742}
  m_Enabled: 1
  m_EditorHideFlags: 0
  m_Script: {fileID: 11500000, guid: 8a8695521f0d02e499659fee002a26c2, type: 3}
  m_Name: 
  m_EditorClassIdentifier: 
  m_Padding:
    m_Left: 0
    m_Right: 0
    m_Top: 0
    m_Bottom: 0
  m_ChildAlignment: 0
  m_StartCorner: 0
  m_StartAxis: 0
  m_CellSize: {x: 190, y: 262}
  m_Spacing: {x: 5, y: 5}
  m_Constraint: 2
  m_ConstraintCount: 2
--- !u!114 &1974254854267165702
MonoBehaviour:
  m_ObjectHideFlags: 0
  m_CorrespondingSourceObject: {fileID: 0}
  m_PrefabInstance: {fileID: 0}
  m_PrefabAsset: {fileID: 0}
  m_GameObject: {fileID: 7556008976597846742}
  m_Enabled: 1
  m_EditorHideFlags: 0
  m_Script: {fileID: 11500000, guid: 3245ec927659c4140ac4f8d17403cc18, type: 3}
  m_Name: 
  m_EditorClassIdentifier: 
  m_HorizontalFit: 2
  m_VerticalFit: 2
--- !u!114 &6758803084491466405
MonoBehaviour:
  m_ObjectHideFlags: 0
  m_CorrespondingSourceObject: {fileID: 0}
  m_PrefabInstance: {fileID: 0}
  m_PrefabAsset: {fileID: 0}
  m_GameObject: {fileID: 7556008976597846742}
  m_Enabled: 1
  m_EditorHideFlags: 0
  m_Script: {fileID: 11500000, guid: e9932d52ab0145578e03cd040adaf5b3, type: 3}
  m_Name: 
  m_EditorClassIdentifier: 
  m_CardViewPrefab: {fileID: 3440520545205680583, guid: db7fd0ce2386a8d41a1052c5686def64,
    type: 3}
--- !u!114 &7482274567215560988
MonoBehaviour:
  m_ObjectHideFlags: 0
  m_CorrespondingSourceObject: {fileID: 0}
  m_PrefabInstance: {fileID: 0}
  m_PrefabAsset: {fileID: 0}
  m_GameObject: {fileID: 7556008976597846742}
  m_Enabled: 1
  m_EditorHideFlags: 0
  m_Script: {fileID: 11500000, guid: 728327021d8ea1441af72ba17cf0ab9b, type: 3}
  m_Name: 
  m_EditorClassIdentifier: 
--- !u!1 &7700224493106378438
GameObject:
  m_ObjectHideFlags: 0
  m_CorrespondingSourceObject: {fileID: 0}
  m_PrefabInstance: {fileID: 0}
  m_PrefabAsset: {fileID: 0}
  serializedVersion: 6
  m_Component:
  - component: {fileID: 4212672377814888806}
  - component: {fileID: 6818626794282942943}
  - component: {fileID: 4300126309655873200}
  m_Layer: 5
  m_Name: Background
  m_TagString: Untagged
  m_Icon: {fileID: 0}
  m_NavMeshLayer: 0
  m_StaticEditorFlags: 0
  m_IsActive: 1
--- !u!224 &4212672377814888806
RectTransform:
  m_ObjectHideFlags: 0
  m_CorrespondingSourceObject: {fileID: 0}
  m_PrefabInstance: {fileID: 0}
  m_PrefabAsset: {fileID: 0}
  m_GameObject: {fileID: 7700224493106378438}
  m_LocalRotation: {x: -0, y: -0, z: -0, w: 1}
  m_LocalPosition: {x: 0, y: 0, z: 0}
  m_LocalScale: {x: 1, y: 1, z: 1}
  m_Children: []
  m_Father: {fileID: 7589237808869388559}
  m_RootOrder: 0
  m_LocalEulerAnglesHint: {x: 0, y: 0, z: 0}
  m_AnchorMin: {x: 0, y: 0}
  m_AnchorMax: {x: 1, y: 1}
  m_AnchoredPosition: {x: 0, y: 0}
  m_SizeDelta: {x: 0, y: 0}
  m_Pivot: {x: 0.5, y: 0.5}
--- !u!222 &6818626794282942943
CanvasRenderer:
  m_ObjectHideFlags: 0
  m_CorrespondingSourceObject: {fileID: 0}
  m_PrefabInstance: {fileID: 0}
  m_PrefabAsset: {fileID: 0}
  m_GameObject: {fileID: 7700224493106378438}
  m_CullTransparentMesh: 0
--- !u!114 &4300126309655873200
MonoBehaviour:
  m_ObjectHideFlags: 0
  m_CorrespondingSourceObject: {fileID: 0}
  m_PrefabInstance: {fileID: 0}
  m_PrefabAsset: {fileID: 0}
  m_GameObject: {fileID: 7700224493106378438}
  m_Enabled: 1
  m_EditorHideFlags: 0
  m_Script: {fileID: 11500000, guid: fe87c0e1cc204ed48ad3b37840f39efc, type: 3}
  m_Name: 
  m_EditorClassIdentifier: 
  m_Material: {fileID: 0}
  m_Color: {r: 1, g: 1, b: 1, a: 1}
  m_RaycastTarget: 1
  m_Maskable: 1
  m_OnCullStateChanged:
    m_PersistentCalls:
      m_Calls: []
  m_Sprite: {fileID: -196962134176397555, guid: a38238f854ff718469c2db29998a2cef,
    type: 3}
  m_Type: 0
  m_PreserveAspect: 0
  m_FillCenter: 1
  m_FillMethod: 4
  m_FillAmount: 1
  m_FillClockwise: 1
  m_FillOrigin: 0
  m_UseSpriteMesh: 0
  m_PixelsPerUnitMultiplier: 1
--- !u!1 &8513514001061400144
GameObject:
  m_ObjectHideFlags: 0
  m_CorrespondingSourceObject: {fileID: 0}
  m_PrefabInstance: {fileID: 0}
  m_PrefabAsset: {fileID: 0}
  serializedVersion: 6
  m_Component:
  - component: {fileID: 7187060579259482230}
  - component: {fileID: 630440372684565406}
  - component: {fileID: 2696191084940247376}
  m_Layer: 5
  m_Name: Handle
  m_TagString: Untagged
  m_Icon: {fileID: 0}
  m_NavMeshLayer: 0
  m_StaticEditorFlags: 0
  m_IsActive: 1
--- !u!224 &7187060579259482230
RectTransform:
  m_ObjectHideFlags: 0
  m_CorrespondingSourceObject: {fileID: 0}
  m_PrefabInstance: {fileID: 0}
  m_PrefabAsset: {fileID: 0}
  m_GameObject: {fileID: 8513514001061400144}
  m_LocalRotation: {x: -0, y: -0, z: -0, w: 1}
  m_LocalPosition: {x: 0, y: 0, z: 0}
  m_LocalScale: {x: 1, y: 1, z: 1}
  m_Children:
  - {fileID: 2710991945340083473}
  m_Father: {fileID: 5376070360172031513}
  m_RootOrder: 0
  m_LocalEulerAnglesHint: {x: 0, y: 0, z: 0}
  m_AnchorMin: {x: 0, y: 0}
  m_AnchorMax: {x: 0, y: 0}
  m_AnchoredPosition: {x: 0, y: 0}
  m_SizeDelta: {x: 0, y: 0}
  m_Pivot: {x: 0.5, y: 0.5}
--- !u!222 &630440372684565406
CanvasRenderer:
  m_ObjectHideFlags: 0
  m_CorrespondingSourceObject: {fileID: 0}
  m_PrefabInstance: {fileID: 0}
  m_PrefabAsset: {fileID: 0}
  m_GameObject: {fileID: 8513514001061400144}
  m_CullTransparentMesh: 0
--- !u!114 &2696191084940247376
MonoBehaviour:
  m_ObjectHideFlags: 0
  m_CorrespondingSourceObject: {fileID: 0}
  m_PrefabInstance: {fileID: 0}
  m_PrefabAsset: {fileID: 0}
  m_GameObject: {fileID: 8513514001061400144}
  m_Enabled: 1
  m_EditorHideFlags: 0
  m_Script: {fileID: 11500000, guid: fe87c0e1cc204ed48ad3b37840f39efc, type: 3}
  m_Name: 
  m_EditorClassIdentifier: 
  m_Material: {fileID: 0}
  m_Color: {r: 1, g: 1, b: 1, a: 0}
  m_RaycastTarget: 1
  m_Maskable: 1
  m_OnCullStateChanged:
    m_PersistentCalls:
      m_Calls: []
  m_Sprite: {fileID: 10905, guid: 0000000000000000f000000000000000, type: 0}
  m_Type: 1
  m_PreserveAspect: 0
  m_FillCenter: 1
  m_FillMethod: 4
  m_FillAmount: 1
  m_FillClockwise: 1
  m_FillOrigin: 0
  m_UseSpriteMesh: 0
  m_PixelsPerUnitMultiplier: 1
--- !u!1 &8557051734239099850
GameObject:
  m_ObjectHideFlags: 0
  m_CorrespondingSourceObject: {fileID: 0}
  m_PrefabInstance: {fileID: 0}
  m_PrefabAsset: {fileID: 0}
  serializedVersion: 6
  m_Component:
  - component: {fileID: 2953663164272898405}
  - component: {fileID: 4009378670442130887}
  - component: {fileID: 5952770129018574001}
  - component: {fileID: 8836279544754623099}
  - component: {fileID: 6062148975303229337}
  m_Layer: 5
  m_Name: Image - Hero
  m_TagString: Untagged
  m_Icon: {fileID: 0}
  m_NavMeshLayer: 0
  m_StaticEditorFlags: 0
  m_IsActive: 1
--- !u!224 &2953663164272898405
RectTransform:
  m_ObjectHideFlags: 0
  m_CorrespondingSourceObject: {fileID: 0}
  m_PrefabInstance: {fileID: 0}
  m_PrefabAsset: {fileID: 0}
  m_GameObject: {fileID: 8557051734239099850}
  m_LocalRotation: {x: 0, y: 0, z: 0, w: 1}
  m_LocalPosition: {x: 0, y: 0, z: 0}
  m_LocalScale: {x: 1, y: 1, z: 1}
  m_Children: []
  m_Father: {fileID: 1772375642887798789}
  m_RootOrder: 0
  m_LocalEulerAnglesHint: {x: 0, y: 0, z: 0}
  m_AnchorMin: {x: 0, y: 1}
  m_AnchorMax: {x: 0, y: 1}
  m_AnchoredPosition: {x: 30, y: -40}
  m_SizeDelta: {x: 190, y: 290}
  m_Pivot: {x: 0, y: 1}
--- !u!222 &4009378670442130887
CanvasRenderer:
  m_ObjectHideFlags: 0
  m_CorrespondingSourceObject: {fileID: 0}
  m_PrefabInstance: {fileID: 0}
  m_PrefabAsset: {fileID: 0}
  m_GameObject: {fileID: 8557051734239099850}
  m_CullTransparentMesh: 0
--- !u!114 &5952770129018574001
MonoBehaviour:
  m_ObjectHideFlags: 0
  m_CorrespondingSourceObject: {fileID: 0}
  m_PrefabInstance: {fileID: 0}
  m_PrefabAsset: {fileID: 0}
  m_GameObject: {fileID: 8557051734239099850}
  m_Enabled: 1
  m_EditorHideFlags: 0
  m_Script: {fileID: 11500000, guid: fe87c0e1cc204ed48ad3b37840f39efc, type: 3}
  m_Name: 
  m_EditorClassIdentifier: 
  m_Material: {fileID: 0}
  m_Color: {r: 1, g: 1, b: 1, a: 1}
  m_RaycastTarget: 1
  m_Maskable: 1
  m_OnCullStateChanged:
    m_PersistentCalls:
      m_Calls: []
  m_Sprite: {fileID: 1761758390047431134, guid: 8239d8ee8bdb8e24590db89c5371c1c9,
    type: 3}
  m_Type: 0
  m_PreserveAspect: 1
  m_FillCenter: 1
  m_FillMethod: 4
  m_FillAmount: 1
  m_FillClockwise: 1
  m_FillOrigin: 0
  m_UseSpriteMesh: 0
  m_PixelsPerUnitMultiplier: 1
--- !u!114 &8836279544754623099
MonoBehaviour:
  m_ObjectHideFlags: 0
  m_CorrespondingSourceObject: {fileID: 0}
  m_PrefabInstance: {fileID: 0}
  m_PrefabAsset: {fileID: 0}
  m_GameObject: {fileID: 8557051734239099850}
  m_Enabled: 1
  m_EditorHideFlags: 0
  m_Script: {fileID: 11500000, guid: 66797f96ce82a83449d8d550b4199215, type: 3}
  m_Name: 
  m_EditorClassIdentifier: 
--- !u!114 &6062148975303229337
MonoBehaviour:
  m_ObjectHideFlags: 0
  m_CorrespondingSourceObject: {fileID: 0}
  m_PrefabInstance: {fileID: 0}
  m_PrefabAsset: {fileID: 0}
  m_GameObject: {fileID: 8557051734239099850}
  m_Enabled: 1
  m_EditorHideFlags: 0
  m_Script: {fileID: 11500000, guid: 728327021d8ea1441af72ba17cf0ab9b, type: 3}
  m_Name: 
  m_EditorClassIdentifier: 
--- !u!1 &8630146033582201327
GameObject:
  m_ObjectHideFlags: 0
  m_CorrespondingSourceObject: {fileID: 0}
  m_PrefabInstance: {fileID: 0}
  m_PrefabAsset: {fileID: 0}
  serializedVersion: 6
  m_Component:
  - component: {fileID: 5376070360172031513}
  m_Layer: 5
  m_Name: Sliding Area
  m_TagString: Untagged
  m_Icon: {fileID: 0}
  m_NavMeshLayer: 0
  m_StaticEditorFlags: 0
  m_IsActive: 1
--- !u!224 &5376070360172031513
RectTransform:
  m_ObjectHideFlags: 0
  m_CorrespondingSourceObject: {fileID: 0}
  m_PrefabInstance: {fileID: 0}
  m_PrefabAsset: {fileID: 0}
  m_GameObject: {fileID: 8630146033582201327}
  m_LocalRotation: {x: -0, y: -0, z: -0, w: 1}
  m_LocalPosition: {x: 0, y: 0, z: 0}
  m_LocalScale: {x: 1, y: 1, z: 1}
  m_Children:
  - {fileID: 7187060579259482230}
  m_Father: {fileID: 7531347273500028298}
  m_RootOrder: 0
  m_LocalEulerAnglesHint: {x: 0, y: 0, z: 0}
  m_AnchorMin: {x: 0, y: 0}
  m_AnchorMax: {x: 1, y: 1}
  m_AnchoredPosition: {x: 0, y: 0}
  m_SizeDelta: {x: 0, y: 0}
  m_Pivot: {x: 0.5, y: 0.5}
--- !u!1001 &1303854207002764350
PrefabInstance:
  m_ObjectHideFlags: 0
  serializedVersion: 2
  m_Modification:
    m_TransformParent: {fileID: 1772375642887798789}
    m_Modifications:
    - target: {fileID: 447896038906013578, guid: 834733676ff4e8448af825857faa1de4,
        type: 3}
      propertyPath: m_AnchorMax.x
      value: 1
      objectReference: {fileID: 0}
    - target: {fileID: 447896038906013578, guid: 834733676ff4e8448af825857faa1de4,
        type: 3}
      propertyPath: m_AnchorMax.y
      value: 1
      objectReference: {fileID: 0}
    - target: {fileID: 447896038906013578, guid: 834733676ff4e8448af825857faa1de4,
        type: 3}
      propertyPath: m_SizeDelta.x
      value: 0
      objectReference: {fileID: 0}
    - target: {fileID: 447896038906013578, guid: 834733676ff4e8448af825857faa1de4,
        type: 3}
      propertyPath: m_SizeDelta.y
      value: 0
      objectReference: {fileID: 0}
    - target: {fileID: 447896038906013578, guid: 834733676ff4e8448af825857faa1de4,
        type: 3}
      propertyPath: m_AnchoredPosition.x
      value: 0
      objectReference: {fileID: 0}
    - target: {fileID: 447896038906013578, guid: 834733676ff4e8448af825857faa1de4,
        type: 3}
      propertyPath: m_AnchoredPosition.y
      value: 0
      objectReference: {fileID: 0}
    - target: {fileID: 447896038906013578, guid: 834733676ff4e8448af825857faa1de4,
        type: 3}
      propertyPath: m_LocalScale.x
      value: -1
      objectReference: {fileID: 0}
    - target: {fileID: 2662273113337997262, guid: 834733676ff4e8448af825857faa1de4,
        type: 3}
      propertyPath: m_LocalScale.x
      value: -1
      objectReference: {fileID: 0}
    - target: {fileID: 2827159284805766336, guid: 834733676ff4e8448af825857faa1de4,
        type: 3}
      propertyPath: m_OnClick.m_PersistentCalls.m_Calls.Array.data[0].m_Target
      value: 
      objectReference: {fileID: 145783038775142517}
    - target: {fileID: 2827159284805766336, guid: 834733676ff4e8448af825857faa1de4,
        type: 3}
      propertyPath: m_OnClick.m_PersistentCalls.m_Calls.Array.data[0].m_MethodName
      value: Decrease
      objectReference: {fileID: 0}
    - target: {fileID: 2827159284805766336, guid: 834733676ff4e8448af825857faa1de4,
        type: 3}
      propertyPath: m_OnClick.m_PersistentCalls.m_Calls.Array.data[0].m_Arguments.m_ObjectArgumentAssemblyTypeName
      value: UnityEngine.Object, UnityEngine
      objectReference: {fileID: 0}
    - target: {fileID: 3809254330556441515, guid: 834733676ff4e8448af825857faa1de4,
        type: 3}
      propertyPath: m_textInfo.characterCount
      value: 0
      objectReference: {fileID: 0}
    - target: {fileID: 3809254330556441515, guid: 834733676ff4e8448af825857faa1de4,
        type: 3}
      propertyPath: m_textInfo.spaceCount
      value: 0
      objectReference: {fileID: 0}
    - target: {fileID: 3809254330556441515, guid: 834733676ff4e8448af825857faa1de4,
        type: 3}
      propertyPath: m_textInfo.wordCount
      value: 0
      objectReference: {fileID: 0}
    - target: {fileID: 3809254330556441515, guid: 834733676ff4e8448af825857faa1de4,
        type: 3}
      propertyPath: m_textInfo.lineCount
      value: 0
      objectReference: {fileID: 0}
    - target: {fileID: 3809254330556441515, guid: 834733676ff4e8448af825857faa1de4,
        type: 3}
      propertyPath: m_textInfo.pageCount
      value: 0
      objectReference: {fileID: 0}
    - target: {fileID: 3931787243490006513, guid: 834733676ff4e8448af825857faa1de4,
        type: 3}
      propertyPath: m_Delegates.Array.data[1].callback.m_PersistentCalls.m_Calls.Array.size
      value: 2
      objectReference: {fileID: 0}
    - target: {fileID: 3931787243490006513, guid: 834733676ff4e8448af825857faa1de4,
        type: 3}
      propertyPath: m_Delegates.Array.data[2].callback.m_PersistentCalls.m_Calls.Array.size
      value: 0
      objectReference: {fileID: 0}
    - target: {fileID: 3931787243490006513, guid: 834733676ff4e8448af825857faa1de4,
        type: 3}
      propertyPath: m_Delegates.Array.data[0].callback.m_PersistentCalls.m_Calls.Array.size
      value: 2
      objectReference: {fileID: 0}
    - target: {fileID: 3931787243490006513, guid: 834733676ff4e8448af825857faa1de4,
        type: 3}
      propertyPath: m_Delegates.Array.data[1].callback.m_PersistentCalls.m_Calls.Array.data[1].m_Arguments.m_BoolArgument
      value: 0
      objectReference: {fileID: 0}
    - target: {fileID: 3931787243490006513, guid: 834733676ff4e8448af825857faa1de4,
        type: 3}
      propertyPath: m_Delegates.Array.data[1].callback.m_PersistentCalls.m_Calls.Array.data[0].m_Arguments.m_BoolArgument
      value: 1
      objectReference: {fileID: 0}
    - target: {fileID: 3931787243490006513, guid: 834733676ff4e8448af825857faa1de4,
        type: 3}
      propertyPath: m_Delegates.Array.data[1].callback.m_PersistentCalls.m_Calls.Array.data[0].m_Target
      value: 
      objectReference: {fileID: 875174974200384953}
    - target: {fileID: 3931787243490006513, guid: 834733676ff4e8448af825857faa1de4,
        type: 3}
      propertyPath: m_Delegates.Array.data[1].callback.m_PersistentCalls.m_Calls.Array.data[1].m_Target
      value: 
      objectReference: {fileID: 3808761695524837650}
    - target: {fileID: 3931787243490006513, guid: 834733676ff4e8448af825857faa1de4,
        type: 3}
      propertyPath: m_Delegates.Array.data[1].callback.m_PersistentCalls.m_Calls.Array.data[1].m_MethodName
      value: OnDeselect
      objectReference: {fileID: 0}
    - target: {fileID: 3931787243490006513, guid: 834733676ff4e8448af825857faa1de4,
        type: 3}
      propertyPath: m_Delegates.Array.data[1].callback.m_PersistentCalls.m_Calls.Array.data[1].m_Mode
      value: 1
      objectReference: {fileID: 0}
    - target: {fileID: 3931787243490006513, guid: 834733676ff4e8448af825857faa1de4,
        type: 3}
      propertyPath: m_Delegates.Array.data[0].callback.m_PersistentCalls.m_Calls.Array.data[0].m_Arguments.m_BoolArgument
      value: 0
      objectReference: {fileID: 0}
    - target: {fileID: 3931787243490006513, guid: 834733676ff4e8448af825857faa1de4,
        type: 3}
      propertyPath: m_Delegates.Array.data[0].callback.m_PersistentCalls.m_Calls.Array.data[0].m_Target
      value: 
      objectReference: {fileID: 554694612816608776}
    - target: {fileID: 3931787243490006513, guid: 834733676ff4e8448af825857faa1de4,
        type: 3}
      propertyPath: m_Delegates.Array.data[0].callback.m_PersistentCalls.m_Calls.Array.data[1].m_Target
      value: 
      objectReference: {fileID: 3808761695524837650}
    - target: {fileID: 3931787243490006513, guid: 834733676ff4e8448af825857faa1de4,
        type: 3}
      propertyPath: m_Delegates.Array.data[0].callback.m_PersistentCalls.m_Calls.Array.data[1].m_MethodName
      value: OnSelect
      objectReference: {fileID: 0}
    - target: {fileID: 3931787243490006513, guid: 834733676ff4e8448af825857faa1de4,
        type: 3}
      propertyPath: m_Delegates.Array.data[0].callback.m_PersistentCalls.m_Calls.Array.data[1].m_Mode
      value: 1
      objectReference: {fileID: 0}
    - target: {fileID: 3931787243490006513, guid: 834733676ff4e8448af825857faa1de4,
        type: 3}
      propertyPath: m_Delegates.Array.data[0].callback.m_PersistentCalls.m_Calls.Array.data[1].m_Arguments.m_BoolArgument
      value: 0
      objectReference: {fileID: 0}
    - target: {fileID: 3931787243490006513, guid: 834733676ff4e8448af825857faa1de4,
        type: 3}
      propertyPath: m_Delegates.Array.data[0].callback.m_PersistentCalls.m_Calls.Array.data[2].m_Target
      value: 
      objectReference: {fileID: 3808761695524837650}
    - target: {fileID: 3931787243490006513, guid: 834733676ff4e8448af825857faa1de4,
        type: 3}
      propertyPath: m_Delegates.Array.data[0].callback.m_PersistentCalls.m_Calls.Array.data[2].m_MethodName
      value: OnSelect
      objectReference: {fileID: 0}
    - target: {fileID: 3931787243490006513, guid: 834733676ff4e8448af825857faa1de4,
        type: 3}
      propertyPath: m_Delegates.Array.data[0].callback.m_PersistentCalls.m_Calls.Array.data[0].m_MethodName
      value: Play
      objectReference: {fileID: 0}
    - target: {fileID: 3931787243490006513, guid: 834733676ff4e8448af825857faa1de4,
        type: 3}
      propertyPath: m_Delegates.Array.data[0].callback.m_PersistentCalls.m_Calls.Array.data[0].m_Mode
      value: 1
      objectReference: {fileID: 0}
    - target: {fileID: 5742375368224123754, guid: 834733676ff4e8448af825857faa1de4,
        type: 3}
      propertyPath: m_IsActive
      value: 0
      objectReference: {fileID: 0}
    - target: {fileID: 6282466340977707030, guid: 834733676ff4e8448af825857faa1de4,
        type: 3}
      propertyPath: m_Name
      value: PREF_UI_Button - DecreaseSentinel
      objectReference: {fileID: 0}
    - target: {fileID: 7162477035587109337, guid: 834733676ff4e8448af825857faa1de4,
        type: 3}
      propertyPath: m_LocalPosition.x
      value: 0
      objectReference: {fileID: 0}
    - target: {fileID: 7162477035587109337, guid: 834733676ff4e8448af825857faa1de4,
        type: 3}
      propertyPath: m_LocalPosition.y
      value: 0
      objectReference: {fileID: 0}
    - target: {fileID: 7162477035587109337, guid: 834733676ff4e8448af825857faa1de4,
        type: 3}
      propertyPath: m_LocalPosition.z
      value: 0
      objectReference: {fileID: 0}
    - target: {fileID: 7162477035587109337, guid: 834733676ff4e8448af825857faa1de4,
        type: 3}
      propertyPath: m_LocalRotation.x
      value: 0
      objectReference: {fileID: 0}
    - target: {fileID: 7162477035587109337, guid: 834733676ff4e8448af825857faa1de4,
        type: 3}
      propertyPath: m_LocalRotation.y
      value: 0
      objectReference: {fileID: 0}
    - target: {fileID: 7162477035587109337, guid: 834733676ff4e8448af825857faa1de4,
        type: 3}
      propertyPath: m_LocalRotation.z
      value: 0
      objectReference: {fileID: 0}
    - target: {fileID: 7162477035587109337, guid: 834733676ff4e8448af825857faa1de4,
        type: 3}
      propertyPath: m_LocalRotation.w
      value: 1
      objectReference: {fileID: 0}
    - target: {fileID: 7162477035587109337, guid: 834733676ff4e8448af825857faa1de4,
        type: 3}
      propertyPath: m_RootOrder
      value: 6
      objectReference: {fileID: 0}
    - target: {fileID: 7162477035587109337, guid: 834733676ff4e8448af825857faa1de4,
        type: 3}
      propertyPath: m_LocalEulerAnglesHint.x
      value: 0
      objectReference: {fileID: 0}
    - target: {fileID: 7162477035587109337, guid: 834733676ff4e8448af825857faa1de4,
        type: 3}
      propertyPath: m_LocalEulerAnglesHint.y
      value: 0
      objectReference: {fileID: 0}
    - target: {fileID: 7162477035587109337, guid: 834733676ff4e8448af825857faa1de4,
        type: 3}
      propertyPath: m_LocalEulerAnglesHint.z
      value: 0
      objectReference: {fileID: 0}
    - target: {fileID: 7162477035587109337, guid: 834733676ff4e8448af825857faa1de4,
        type: 3}
      propertyPath: m_AnchoredPosition.x
      value: 280
      objectReference: {fileID: 0}
    - target: {fileID: 7162477035587109337, guid: 834733676ff4e8448af825857faa1de4,
        type: 3}
      propertyPath: m_AnchoredPosition.y
      value: -234
      objectReference: {fileID: 0}
    - target: {fileID: 7162477035587109337, guid: 834733676ff4e8448af825857faa1de4,
        type: 3}
      propertyPath: m_SizeDelta.x
      value: 64
      objectReference: {fileID: 0}
    - target: {fileID: 7162477035587109337, guid: 834733676ff4e8448af825857faa1de4,
        type: 3}
      propertyPath: m_SizeDelta.y
      value: 64
      objectReference: {fileID: 0}
    - target: {fileID: 7162477035587109337, guid: 834733676ff4e8448af825857faa1de4,
        type: 3}
      propertyPath: m_AnchorMin.x
      value: 0
      objectReference: {fileID: 0}
    - target: {fileID: 7162477035587109337, guid: 834733676ff4e8448af825857faa1de4,
        type: 3}
      propertyPath: m_AnchorMin.y
      value: 1
      objectReference: {fileID: 0}
    - target: {fileID: 7162477035587109337, guid: 834733676ff4e8448af825857faa1de4,
        type: 3}
      propertyPath: m_AnchorMax.x
      value: 0
      objectReference: {fileID: 0}
    - target: {fileID: 7162477035587109337, guid: 834733676ff4e8448af825857faa1de4,
        type: 3}
      propertyPath: m_AnchorMax.y
      value: 1
      objectReference: {fileID: 0}
    - target: {fileID: 7162477035587109337, guid: 834733676ff4e8448af825857faa1de4,
        type: 3}
      propertyPath: m_Pivot.x
      value: 0
      objectReference: {fileID: 0}
    - target: {fileID: 7162477035587109337, guid: 834733676ff4e8448af825857faa1de4,
        type: 3}
      propertyPath: m_Pivot.y
      value: 1
      objectReference: {fileID: 0}
    - target: {fileID: 7302655212369168293, guid: 834733676ff4e8448af825857faa1de4,
        type: 3}
      propertyPath: m_Sprite
      value: 
      objectReference: {fileID: 21300000, guid: b02df7c5a821d2c4faed87952ce477f2,
        type: 3}
    - target: {fileID: 7302655212369168293, guid: 834733676ff4e8448af825857faa1de4,
        type: 3}
      propertyPath: m_Type
      value: 0
      objectReference: {fileID: 0}
    - target: {fileID: 7302655212369168293, guid: 834733676ff4e8448af825857faa1de4,
        type: 3}
      propertyPath: m_Color.a
      value: 1
      objectReference: {fileID: 0}
    - target: {fileID: 7610714876330051176, guid: 834733676ff4e8448af825857faa1de4,
        type: 3}
      propertyPath: m_Sprite
      value: 
      objectReference: {fileID: 21300000, guid: b02df7c5a821d2c4faed87952ce477f2,
        type: 3}
    - target: {fileID: 7610714876330051176, guid: 834733676ff4e8448af825857faa1de4,
        type: 3}
      propertyPath: m_Type
      value: 0
      objectReference: {fileID: 0}
    m_RemovedComponents: []
  m_SourcePrefab: {fileID: 100100000, guid: 834733676ff4e8448af825857faa1de4, type: 3}
--- !u!114 &554694612816608776 stripped
MonoBehaviour:
  m_CorrespondingSourceObject: {fileID: 1561222611479681590, guid: 834733676ff4e8448af825857faa1de4,
    type: 3}
  m_PrefabInstance: {fileID: 1303854207002764350}
  m_PrefabAsset: {fileID: 0}
  m_GameObject: {fileID: 0}
  m_Enabled: 1
  m_EditorHideFlags: 0
  m_Script: {fileID: 11500000, guid: 5e2d2d4e328d4f94bbabd1cf44fbd7bf, type: 3}
  m_Name: 
  m_EditorClassIdentifier: 
--- !u!1 &875174974200384953 stripped
GameObject:
  m_CorrespondingSourceObject: {fileID: 2178906035464104327, guid: 834733676ff4e8448af825857faa1de4,
    type: 3}
  m_PrefabInstance: {fileID: 1303854207002764350}
  m_PrefabAsset: {fileID: 0}
--- !u!224 &8177976809730368999 stripped
RectTransform:
  m_CorrespondingSourceObject: {fileID: 7162477035587109337, guid: 834733676ff4e8448af825857faa1de4,
    type: 3}
  m_PrefabInstance: {fileID: 1303854207002764350}
  m_PrefabAsset: {fileID: 0}
--- !u!1 &4987725213570395176 stripped
GameObject:
  m_CorrespondingSourceObject: {fileID: 6282466340977707030, guid: 834733676ff4e8448af825857faa1de4,
    type: 3}
  m_PrefabInstance: {fileID: 1303854207002764350}
  m_PrefabAsset: {fileID: 0}
--- !u!114 &3808761695524837650 stripped
MonoBehaviour:
  m_CorrespondingSourceObject: {fileID: 2793156368735092012, guid: 834733676ff4e8448af825857faa1de4,
    type: 3}
  m_PrefabInstance: {fileID: 1303854207002764350}
  m_PrefabAsset: {fileID: 0}
  m_GameObject: {fileID: 4987725213570395176}
  m_Enabled: 1
  m_EditorHideFlags: 0
  m_Script: {fileID: 11500000, guid: 92c3e6a04419f8940bd82cf1d2ded737, type: 3}
  m_Name: 
  m_EditorClassIdentifier: 
--- !u!1001 &6632647316009855942
PrefabInstance:
  m_ObjectHideFlags: 0
  serializedVersion: 2
  m_Modification:
    m_TransformParent: {fileID: 1772375642887798789}
    m_Modifications:
    - target: {fileID: 447896038906013578, guid: 834733676ff4e8448af825857faa1de4,
        type: 3}
      propertyPath: m_AnchorMax.x
      value: 1
      objectReference: {fileID: 0}
    - target: {fileID: 447896038906013578, guid: 834733676ff4e8448af825857faa1de4,
        type: 3}
      propertyPath: m_AnchorMax.y
      value: 1
      objectReference: {fileID: 0}
    - target: {fileID: 447896038906013578, guid: 834733676ff4e8448af825857faa1de4,
        type: 3}
      propertyPath: m_SizeDelta.x
      value: 0
      objectReference: {fileID: 0}
    - target: {fileID: 447896038906013578, guid: 834733676ff4e8448af825857faa1de4,
        type: 3}
      propertyPath: m_SizeDelta.y
      value: 0
      objectReference: {fileID: 0}
    - target: {fileID: 447896038906013578, guid: 834733676ff4e8448af825857faa1de4,
        type: 3}
      propertyPath: m_AnchoredPosition.x
      value: 0
      objectReference: {fileID: 0}
    - target: {fileID: 447896038906013578, guid: 834733676ff4e8448af825857faa1de4,
        type: 3}
      propertyPath: m_AnchoredPosition.y
      value: 0
      objectReference: {fileID: 0}
    - target: {fileID: 2827159284805766336, guid: 834733676ff4e8448af825857faa1de4,
        type: 3}
      propertyPath: m_OnClick.m_PersistentCalls.m_Calls.Array.data[0].m_Target
      value: 
      objectReference: {fileID: 145783038775142517}
    - target: {fileID: 2827159284805766336, guid: 834733676ff4e8448af825857faa1de4,
        type: 3}
      propertyPath: m_OnClick.m_PersistentCalls.m_Calls.Array.data[0].m_MethodName
      value: Increase
      objectReference: {fileID: 0}
    - target: {fileID: 2827159284805766336, guid: 834733676ff4e8448af825857faa1de4,
        type: 3}
      propertyPath: m_OnClick.m_PersistentCalls.m_Calls.Array.data[0].m_Arguments.m_ObjectArgumentAssemblyTypeName
      value: UnityEngine.Object, UnityEngine
      objectReference: {fileID: 0}
    - target: {fileID: 3809254330556441515, guid: 834733676ff4e8448af825857faa1de4,
        type: 3}
      propertyPath: m_textInfo.characterCount
      value: 8
      objectReference: {fileID: 0}
    - target: {fileID: 3809254330556441515, guid: 834733676ff4e8448af825857faa1de4,
        type: 3}
      propertyPath: m_textInfo.spaceCount
      value: 1
      objectReference: {fileID: 0}
    - target: {fileID: 3809254330556441515, guid: 834733676ff4e8448af825857faa1de4,
        type: 3}
      propertyPath: m_textInfo.wordCount
      value: 2
      objectReference: {fileID: 0}
    - target: {fileID: 3809254330556441515, guid: 834733676ff4e8448af825857faa1de4,
        type: 3}
      propertyPath: m_textInfo.lineCount
      value: 2
      objectReference: {fileID: 0}
    - target: {fileID: 3809254330556441515, guid: 834733676ff4e8448af825857faa1de4,
        type: 3}
      propertyPath: m_textInfo.pageCount
      value: 1
      objectReference: {fileID: 0}
    - target: {fileID: 3809254330556441515, guid: 834733676ff4e8448af825857faa1de4,
        type: 3}
      propertyPath: m_fontSize
      value: 23.8
      objectReference: {fileID: 0}
    - target: {fileID: 3931787243490006513, guid: 834733676ff4e8448af825857faa1de4,
        type: 3}
      propertyPath: m_Delegates.Array.data[0].callback.m_PersistentCalls.m_Calls.Array.size
      value: 2
      objectReference: {fileID: 0}
    - target: {fileID: 3931787243490006513, guid: 834733676ff4e8448af825857faa1de4,
        type: 3}
      propertyPath: m_Delegates.Array.data[1].callback.m_PersistentCalls.m_Calls.Array.size
      value: 1
      objectReference: {fileID: 0}
    - target: {fileID: 3931787243490006513, guid: 834733676ff4e8448af825857faa1de4,
        type: 3}
      propertyPath: m_Delegates.Array.data[0].callback.m_PersistentCalls.m_Calls.Array.data[0].m_Arguments.m_BoolArgument
      value: 0
      objectReference: {fileID: 0}
    - target: {fileID: 3931787243490006513, guid: 834733676ff4e8448af825857faa1de4,
        type: 3}
      propertyPath: m_Delegates.Array.data[0].callback.m_PersistentCalls.m_Calls.Array.data[0].m_Target
      value: 
      objectReference: {fileID: 5305651742467879408}
    - target: {fileID: 3931787243490006513, guid: 834733676ff4e8448af825857faa1de4,
        type: 3}
      propertyPath: m_Delegates.Array.data[0].callback.m_PersistentCalls.m_Calls.Array.data[1].m_Target
      value: 
      objectReference: {fileID: 8847512218735220458}
    - target: {fileID: 3931787243490006513, guid: 834733676ff4e8448af825857faa1de4,
        type: 3}
      propertyPath: m_Delegates.Array.data[0].callback.m_PersistentCalls.m_Calls.Array.data[1].m_MethodName
      value: OnSelect
      objectReference: {fileID: 0}
    - target: {fileID: 3931787243490006513, guid: 834733676ff4e8448af825857faa1de4,
        type: 3}
      propertyPath: m_Delegates.Array.data[0].callback.m_PersistentCalls.m_Calls.Array.data[1].m_Mode
      value: 1
      objectReference: {fileID: 0}
    - target: {fileID: 3931787243490006513, guid: 834733676ff4e8448af825857faa1de4,
        type: 3}
      propertyPath: m_Delegates.Array.data[0].callback.m_PersistentCalls.m_Calls.Array.data[1].m_Arguments.m_BoolArgument
      value: 0
      objectReference: {fileID: 0}
    - target: {fileID: 3931787243490006513, guid: 834733676ff4e8448af825857faa1de4,
        type: 3}
      propertyPath: m_Delegates.Array.data[0].callback.m_PersistentCalls.m_Calls.Array.data[2].m_Target
      value: 
      objectReference: {fileID: 8847512218735220458}
    - target: {fileID: 3931787243490006513, guid: 834733676ff4e8448af825857faa1de4,
        type: 3}
      propertyPath: m_Delegates.Array.data[0].callback.m_PersistentCalls.m_Calls.Array.data[2].m_MethodName
      value: OnSelect
      objectReference: {fileID: 0}
    - target: {fileID: 3931787243490006513, guid: 834733676ff4e8448af825857faa1de4,
        type: 3}
      propertyPath: m_Delegates.Array.data[0].callback.m_PersistentCalls.m_Calls.Array.data[0].m_MethodName
      value: Play
      objectReference: {fileID: 0}
    - target: {fileID: 3931787243490006513, guid: 834733676ff4e8448af825857faa1de4,
        type: 3}
      propertyPath: m_Delegates.Array.data[0].callback.m_PersistentCalls.m_Calls.Array.data[0].m_Mode
      value: 1
      objectReference: {fileID: 0}
    - target: {fileID: 3931787243490006513, guid: 834733676ff4e8448af825857faa1de4,
        type: 3}
      propertyPath: m_Delegates.Array.data[1].callback.m_PersistentCalls.m_Calls.Array.data[0].m_Target
      value: 
      objectReference: {fileID: 8847512218735220458}
    - target: {fileID: 3931787243490006513, guid: 834733676ff4e8448af825857faa1de4,
        type: 3}
      propertyPath: m_Delegates.Array.data[1].callback.m_PersistentCalls.m_Calls.Array.data[0].m_Arguments.m_BoolArgument
      value: 0
      objectReference: {fileID: 0}
    - target: {fileID: 3931787243490006513, guid: 834733676ff4e8448af825857faa1de4,
        type: 3}
      propertyPath: m_Delegates.Array.data[1].callback.m_PersistentCalls.m_Calls.Array.data[1].m_Target
      value: 
      objectReference: {fileID: 8847512218735220458}
    - target: {fileID: 3931787243490006513, guid: 834733676ff4e8448af825857faa1de4,
        type: 3}
      propertyPath: m_Delegates.Array.data[1].callback.m_PersistentCalls.m_Calls.Array.data[1].m_MethodName
      value: OnDeselect
      objectReference: {fileID: 0}
    - target: {fileID: 3931787243490006513, guid: 834733676ff4e8448af825857faa1de4,
        type: 3}
      propertyPath: m_Delegates.Array.data[1].callback.m_PersistentCalls.m_Calls.Array.data[1].m_Mode
      value: 1
      objectReference: {fileID: 0}
    - target: {fileID: 3931787243490006513, guid: 834733676ff4e8448af825857faa1de4,
        type: 3}
      propertyPath: m_Delegates.Array.data[1].callback.m_PersistentCalls.m_Calls.Array.data[0].m_MethodName
      value: OnDeselect
      objectReference: {fileID: 0}
    - target: {fileID: 3931787243490006513, guid: 834733676ff4e8448af825857faa1de4,
        type: 3}
      propertyPath: m_Delegates.Array.data[1].callback.m_PersistentCalls.m_Calls.Array.data[0].m_Mode
      value: 1
      objectReference: {fileID: 0}
    - target: {fileID: 5742375368224123754, guid: 834733676ff4e8448af825857faa1de4,
        type: 3}
      propertyPath: m_IsActive
      value: 0
      objectReference: {fileID: 0}
    - target: {fileID: 6282466340977707030, guid: 834733676ff4e8448af825857faa1de4,
        type: 3}
      propertyPath: m_Name
      value: PREF_UI_Button - IncreaseSentinel
      objectReference: {fileID: 0}
    - target: {fileID: 7162477035587109337, guid: 834733676ff4e8448af825857faa1de4,
        type: 3}
      propertyPath: m_LocalPosition.x
      value: 0
      objectReference: {fileID: 0}
    - target: {fileID: 7162477035587109337, guid: 834733676ff4e8448af825857faa1de4,
        type: 3}
      propertyPath: m_LocalPosition.y
      value: 0
      objectReference: {fileID: 0}
    - target: {fileID: 7162477035587109337, guid: 834733676ff4e8448af825857faa1de4,
        type: 3}
      propertyPath: m_LocalPosition.z
      value: 0
      objectReference: {fileID: 0}
    - target: {fileID: 7162477035587109337, guid: 834733676ff4e8448af825857faa1de4,
        type: 3}
      propertyPath: m_LocalRotation.x
      value: 0
      objectReference: {fileID: 0}
    - target: {fileID: 7162477035587109337, guid: 834733676ff4e8448af825857faa1de4,
        type: 3}
      propertyPath: m_LocalRotation.y
      value: 0
      objectReference: {fileID: 0}
    - target: {fileID: 7162477035587109337, guid: 834733676ff4e8448af825857faa1de4,
        type: 3}
      propertyPath: m_LocalRotation.z
      value: 0
      objectReference: {fileID: 0}
    - target: {fileID: 7162477035587109337, guid: 834733676ff4e8448af825857faa1de4,
        type: 3}
      propertyPath: m_LocalRotation.w
      value: 1
      objectReference: {fileID: 0}
    - target: {fileID: 7162477035587109337, guid: 834733676ff4e8448af825857faa1de4,
        type: 3}
      propertyPath: m_RootOrder
      value: 5
      objectReference: {fileID: 0}
    - target: {fileID: 7162477035587109337, guid: 834733676ff4e8448af825857faa1de4,
        type: 3}
      propertyPath: m_LocalEulerAnglesHint.x
      value: 0
      objectReference: {fileID: 0}
    - target: {fileID: 7162477035587109337, guid: 834733676ff4e8448af825857faa1de4,
        type: 3}
      propertyPath: m_LocalEulerAnglesHint.y
      value: 0
      objectReference: {fileID: 0}
    - target: {fileID: 7162477035587109337, guid: 834733676ff4e8448af825857faa1de4,
        type: 3}
      propertyPath: m_LocalEulerAnglesHint.z
      value: 0
      objectReference: {fileID: 0}
    - target: {fileID: 7162477035587109337, guid: 834733676ff4e8448af825857faa1de4,
        type: 3}
      propertyPath: m_AnchoredPosition.x
      value: 699
      objectReference: {fileID: 0}
    - target: {fileID: 7162477035587109337, guid: 834733676ff4e8448af825857faa1de4,
        type: 3}
      propertyPath: m_AnchoredPosition.y
      value: -234
      objectReference: {fileID: 0}
    - target: {fileID: 7162477035587109337, guid: 834733676ff4e8448af825857faa1de4,
        type: 3}
      propertyPath: m_SizeDelta.x
      value: 64
      objectReference: {fileID: 0}
    - target: {fileID: 7162477035587109337, guid: 834733676ff4e8448af825857faa1de4,
        type: 3}
      propertyPath: m_SizeDelta.y
      value: 64
      objectReference: {fileID: 0}
    - target: {fileID: 7162477035587109337, guid: 834733676ff4e8448af825857faa1de4,
        type: 3}
      propertyPath: m_AnchorMin.x
      value: 0
      objectReference: {fileID: 0}
    - target: {fileID: 7162477035587109337, guid: 834733676ff4e8448af825857faa1de4,
        type: 3}
      propertyPath: m_AnchorMin.y
      value: 1
      objectReference: {fileID: 0}
    - target: {fileID: 7162477035587109337, guid: 834733676ff4e8448af825857faa1de4,
        type: 3}
      propertyPath: m_AnchorMax.x
      value: 0
      objectReference: {fileID: 0}
    - target: {fileID: 7162477035587109337, guid: 834733676ff4e8448af825857faa1de4,
        type: 3}
      propertyPath: m_AnchorMax.y
      value: 1
      objectReference: {fileID: 0}
    - target: {fileID: 7162477035587109337, guid: 834733676ff4e8448af825857faa1de4,
        type: 3}
      propertyPath: m_Pivot.x
      value: 0
      objectReference: {fileID: 0}
    - target: {fileID: 7162477035587109337, guid: 834733676ff4e8448af825857faa1de4,
        type: 3}
      propertyPath: m_Pivot.y
      value: 1
      objectReference: {fileID: 0}
    - target: {fileID: 7302655212369168293, guid: 834733676ff4e8448af825857faa1de4,
        type: 3}
      propertyPath: m_Sprite
      value: 
      objectReference: {fileID: 21300000, guid: b02df7c5a821d2c4faed87952ce477f2,
        type: 3}
    - target: {fileID: 7302655212369168293, guid: 834733676ff4e8448af825857faa1de4,
        type: 3}
      propertyPath: m_Type
      value: 0
      objectReference: {fileID: 0}
    - target: {fileID: 7302655212369168293, guid: 834733676ff4e8448af825857faa1de4,
        type: 3}
      propertyPath: m_Color.a
      value: 1
      objectReference: {fileID: 0}
    - target: {fileID: 7610714876330051176, guid: 834733676ff4e8448af825857faa1de4,
        type: 3}
      propertyPath: m_Sprite
      value: 
      objectReference: {fileID: 21300000, guid: b02df7c5a821d2c4faed87952ce477f2,
        type: 3}
    - target: {fileID: 7610714876330051176, guid: 834733676ff4e8448af825857faa1de4,
        type: 3}
      propertyPath: m_Type
      value: 0
      objectReference: {fileID: 0}
    m_RemovedComponents: []
  m_SourcePrefab: {fileID: 100100000, guid: 834733676ff4e8448af825857faa1de4, type: 3}
--- !u!224 &4570554928793594399 stripped
RectTransform:
  m_CorrespondingSourceObject: {fileID: 7162477035587109337, guid: 834733676ff4e8448af825857faa1de4,
    type: 3}
  m_PrefabInstance: {fileID: 6632647316009855942}
  m_PrefabAsset: {fileID: 0}
--- !u!114 &5305651742467879408 stripped
MonoBehaviour:
  m_CorrespondingSourceObject: {fileID: 1561222611479681590, guid: 834733676ff4e8448af825857faa1de4,
    type: 3}
  m_PrefabInstance: {fileID: 6632647316009855942}
  m_PrefabAsset: {fileID: 0}
  m_GameObject: {fileID: 0}
  m_Enabled: 1
  m_EditorHideFlags: 0
  m_Script: {fileID: 11500000, guid: 5e2d2d4e328d4f94bbabd1cf44fbd7bf, type: 3}
  m_Name: 
  m_EditorClassIdentifier: 
--- !u!114 &8847512218735220458 stripped
MonoBehaviour:
  m_CorrespondingSourceObject: {fileID: 2793156368735092012, guid: 834733676ff4e8448af825857faa1de4,
    type: 3}
  m_PrefabInstance: {fileID: 6632647316009855942}
  m_PrefabAsset: {fileID: 0}
  m_GameObject: {fileID: 802810950400091088}
  m_Enabled: 1
  m_EditorHideFlags: 0
  m_Script: {fileID: 11500000, guid: 92c3e6a04419f8940bd82cf1d2ded737, type: 3}
  m_Name: 
  m_EditorClassIdentifier: 
--- !u!1 &802810950400091088 stripped
GameObject:
  m_CorrespondingSourceObject: {fileID: 6282466340977707030, guid: 834733676ff4e8448af825857faa1de4,
    type: 3}
  m_PrefabInstance: {fileID: 6632647316009855942}
  m_PrefabAsset: {fileID: 0}
--- !u!1001 &7769489179587360738
PrefabInstance:
  m_ObjectHideFlags: 0
  serializedVersion: 2
  m_Modification:
    m_TransformParent: {fileID: 1772375642887798789}
    m_Modifications:
    - target: {fileID: 6344649417832550947, guid: 8104aeeb7e664724c83aa5b8ba5062b1,
        type: 3}
      propertyPath: m_LocalPosition.x
      value: 0
      objectReference: {fileID: 0}
    - target: {fileID: 6344649417832550947, guid: 8104aeeb7e664724c83aa5b8ba5062b1,
        type: 3}
      propertyPath: m_LocalPosition.y
      value: 0
      objectReference: {fileID: 0}
    - target: {fileID: 6344649417832550947, guid: 8104aeeb7e664724c83aa5b8ba5062b1,
        type: 3}
      propertyPath: m_LocalPosition.z
      value: 0
      objectReference: {fileID: 0}
    - target: {fileID: 6344649417832550947, guid: 8104aeeb7e664724c83aa5b8ba5062b1,
        type: 3}
      propertyPath: m_LocalRotation.x
      value: -0
      objectReference: {fileID: 0}
    - target: {fileID: 6344649417832550947, guid: 8104aeeb7e664724c83aa5b8ba5062b1,
        type: 3}
      propertyPath: m_LocalRotation.y
      value: -0
      objectReference: {fileID: 0}
    - target: {fileID: 6344649417832550947, guid: 8104aeeb7e664724c83aa5b8ba5062b1,
        type: 3}
      propertyPath: m_LocalRotation.z
      value: -0
      objectReference: {fileID: 0}
    - target: {fileID: 6344649417832550947, guid: 8104aeeb7e664724c83aa5b8ba5062b1,
        type: 3}
      propertyPath: m_LocalRotation.w
      value: 1
      objectReference: {fileID: 0}
    - target: {fileID: 6344649417832550947, guid: 8104aeeb7e664724c83aa5b8ba5062b1,
        type: 3}
      propertyPath: m_RootOrder
      value: 3
      objectReference: {fileID: 0}
    - target: {fileID: 6344649417832550947, guid: 8104aeeb7e664724c83aa5b8ba5062b1,
        type: 3}
      propertyPath: m_LocalEulerAnglesHint.x
      value: 0
      objectReference: {fileID: 0}
    - target: {fileID: 6344649417832550947, guid: 8104aeeb7e664724c83aa5b8ba5062b1,
        type: 3}
      propertyPath: m_LocalEulerAnglesHint.y
      value: 0
      objectReference: {fileID: 0}
    - target: {fileID: 6344649417832550947, guid: 8104aeeb7e664724c83aa5b8ba5062b1,
        type: 3}
      propertyPath: m_LocalEulerAnglesHint.z
      value: 0
      objectReference: {fileID: 0}
    - target: {fileID: 6344649417832550947, guid: 8104aeeb7e664724c83aa5b8ba5062b1,
        type: 3}
      propertyPath: m_AnchoredPosition.x
      value: -195.5
      objectReference: {fileID: 0}
    - target: {fileID: 6344649417832550947, guid: 8104aeeb7e664724c83aa5b8ba5062b1,
        type: 3}
      propertyPath: m_AnchoredPosition.y
      value: -104
      objectReference: {fileID: 0}
    - target: {fileID: 6344649417832550947, guid: 8104aeeb7e664724c83aa5b8ba5062b1,
        type: 3}
      propertyPath: m_SizeDelta.x
      value: 32
      objectReference: {fileID: 0}
    - target: {fileID: 6344649417832550947, guid: 8104aeeb7e664724c83aa5b8ba5062b1,
        type: 3}
      propertyPath: m_SizeDelta.y
      value: 32
      objectReference: {fileID: 0}
    - target: {fileID: 6344649417832550947, guid: 8104aeeb7e664724c83aa5b8ba5062b1,
        type: 3}
      propertyPath: m_AnchorMin.x
      value: 1
      objectReference: {fileID: 0}
    - target: {fileID: 6344649417832550947, guid: 8104aeeb7e664724c83aa5b8ba5062b1,
        type: 3}
      propertyPath: m_AnchorMin.y
      value: 1
      objectReference: {fileID: 0}
    - target: {fileID: 6344649417832550947, guid: 8104aeeb7e664724c83aa5b8ba5062b1,
        type: 3}
      propertyPath: m_AnchorMax.x
      value: 1
      objectReference: {fileID: 0}
    - target: {fileID: 6344649417832550947, guid: 8104aeeb7e664724c83aa5b8ba5062b1,
        type: 3}
      propertyPath: m_AnchorMax.y
      value: 1
      objectReference: {fileID: 0}
    - target: {fileID: 6344649417832550947, guid: 8104aeeb7e664724c83aa5b8ba5062b1,
        type: 3}
      propertyPath: m_Pivot.x
      value: 1
      objectReference: {fileID: 0}
    - target: {fileID: 6344649417832550947, guid: 8104aeeb7e664724c83aa5b8ba5062b1,
        type: 3}
      propertyPath: m_Pivot.y
      value: 1
      objectReference: {fileID: 0}
    - target: {fileID: 7509963844840855468, guid: 8104aeeb7e664724c83aa5b8ba5062b1,
        type: 3}
      propertyPath: m_Name
      value: PREF_UI_PotionSlots
      objectReference: {fileID: 0}
    m_RemovedComponents: []
  m_SourcePrefab: {fileID: 100100000, guid: 8104aeeb7e664724c83aa5b8ba5062b1, type: 3}
--- !u!224 &3737561326055581121 stripped
RectTransform:
  m_CorrespondingSourceObject: {fileID: 6344649417832550947, guid: 8104aeeb7e664724c83aa5b8ba5062b1,
    type: 3}
  m_PrefabInstance: {fileID: 7769489179587360738}
  m_PrefabAsset: {fileID: 0}
